3794 4722
461 456 464 466 '
593 463 809 558 episcopatus
839 426 1149 556 wirciburgensiss
1482 461 1552 542 159

174 659 248 735 onia
275 663 310 731 in
336 662 444 754 cripta
470 661 762 733 sanctissimorum
788 671 974 758 martyrum
998 662 1123 736 lliliani
1156 672 1191 735 ct
1217 668 1390 738 sociorum
1417 671 1491 742 cius
1518 679 1554 742 et

173 764 265 838 beati
290 759 575 855 prothomartyris
604 759 777 854 Stephani.
908 782 912 795 ·
1030 843 1034 852 1
1343 773 1347 780 ’

272 860 419 932 Primum
447 869 512 946 est,
539 858 729 952 quodcum
756 859 898 954 quedem
925 861 1553 964 mulierpauperculanominoGepa

174 969 350 1031 contracte
376 969 472 1032 esset
499 969 579 1030 octo
594 962 691 1030 annis
707 959 897 1054 etamplius
913 964 946 1030 in
963 961 1017 1032 die
1033 961 1326 1054 dominicamane‚
1353 987 1429 1038 com
1447 969 1553 1040 missa

174 1059 420 1148 celebraretur,
448 1058 567 1130 eadem
594 1059 716 1130 mulier
741 1081 822 1132 casu
848 1063 955 1132 misse
981 1061 1130 1132 interluit
1154 1065 1247 1134 iuxta
1274 1064 1421 1137 tumbam
1445 1070 1554 1156 sancti

173 1157 646 1258 Bruuoniswirueburgensis
661 1161 826 1254 episcopi,
840 1181 906 1254 que
921 1159 1033 1231 multis
1044 1161 1233 1234 uidentibus
1242 1184 1401 1257 grossum
1410 1169 1552 1261 recepit:

278 1257 406 1332 Eadem
434 1259 490 1330 dio
516 1257 645 1331 cuidam
673 1260 807 1330 mulieri
832 1263 970 1332 nomine
996 1259 1240 1333 Adelheidi
1276 1274 1404 1337 strume
1426 1264 1553 1360 'magne

176 1363 269 1430 eirca
298 1359 423 1430 collum
451 1357 492 1428 ed
517 1359 656 1430 nihilum
680 1358 820 1430 redacte
846 1381 915 1429 non
942 1359 1083 1456 emplius
1111 1375 1346 1458 apparuerunt.
1482 1355 1484 1362 ’

277 1459 404 1546 Quarta
430 1457 517 1529 ieria
544 1457 695 1531 eiusdem
722 1456 910 1529 ebdomade
938 1459 1121 1556 eadem[¹]
1147 1465 1297 1533 euomuit
1323 1485 1493 1536 uenenum
1519 1469 1552 1536 in

175 1581 300 1652 magna
326 1561 509 1652 quantitate
536 1569 570 1629 et
596 1557 637 1628 ad
664 1557 799 1652 plenum
826 1569 942 1629 curata
968 1569 1031 1631 est.
1546 1587 1552 1598 ·

273 1657 310 1729 ln
338 1658 396 1730 illa
422 1668 524 1728 nocte
550 1657 652 1752 paulo
680 1669 758 1728 ante
785 1657 1021 1753 crepusculum
1047 1659 1190 1753 quedam
1213 1665 1314 1755 uirgo
1348 1663 1391 1736 do
1418 1665 1554 1738 ciuitate

175 1758 455 1850 Wirnebvrg
480 1757 714 1829 Richeidis
739 1762 869 1852 recepit
894 1780 1052 1852 gressum
1080 1765 1275 1834 testimonio
1302 1763 1494 1835 multorum.

276 1858 400 1945 Quinta
426 1859 512 1928 l'eria
528 1857 679 1928 eiusdem
697 1856 884 1929 ebdomade
896 1859 1027 1929 ¹mulier
1052 1861 1194 1954 quedam
1207 1857 1256 1957 [²]
1274 1861 1555 1937 da·Eltcmoin

176 1957 288 2029 media
315 1957 369 2028 die
396 1956 577 2030 sacerdote
603 1977 666 2030 suo
694 1955 758 2028 eibi
785 1961 1014 2029 testimonium
1050 1959 1248 2056 perhibente
1276 1965 1387 2036 uisum
1413 1969 1554 2061 recepit.

178 2057 277 2129 Girca
305 2063 439 2128 noctem
467 2055 607 2150 quedam
635 2059 734 2149 uirgo
753 2061 899 2128 nomine
931 2058 1091 2131 Bertha
1132 2059 1174 2132 de
1210 2059 1481 2136 Wirnebvrc
1515 2064 1555 2138 ab

178 2157 318 2230 manua
345 2167 518 2228 eontracta
544 2159 676 2250 recepit
702 2177 871 2249 gressum.

279 2254 317 2327 ln
342 2256 460 2350 uigilia
486 2256 774 2329 sanctitouennie
799 2255 952 2352 Baptista
978 2257 1099 2329 mulier
1114 2259 1256 2352 quedem
1283 2259 1325 2332 de
1340 2261 1425 2333 Lim
1467 2261 1557 2356 ach,

179 2359 320 2430 nomine
345 2358 509 2445 nemer,
535 2359 569 2426 in
595 2365 721 2427 tantum
748 2367 934 2448 contracta,
962 2357 1051 2450 quod
1076 2359 1110 2429 in
1129 2369 1220 2430 terra
1237 2359 1408 2456 serpebat,
1434 2285 1556 2434 librum

179 2459 310 2551 recepit
337 2475 507 2549 gressum.
1418 2489 1420 2494 ·

281 2553 445 2650 Sequenti
472 2555 525 2627 die
542 2554 683 2654 quedam
700 2555 902 2646 doLinah‚
928 2577 994 2650 que
1007 2557 1042 2626 in
1056 2577 1197 2628 oanuca
1218 2567 1372 2648 uenerat,
1399 2581 1558 2653 gressum

182 2659 323 2751 reecpit.
376 2654 517 2741 Quidam
552 2677 636 2749 puer
674 2653 716 2726 de
740 2653 1098 2747 lintelbrunnen,
1135 2659 1273 2731 nomine
1306 2657 1558 2751 deterreantur

183 2779 280 2828 manu
307 2766 343 2826 ot
368 2759 401 2826 in
427 2777 495 2826 uno
524 2777 623 2826 crure
650 2765 844 2828 contractus
867 2765 922 2826 eet
946 2767 1091 2829 curatus.

285 2855 437 2942 Quedam
463 2855 576 2949 puella
604 2854 646 2927 de
673 2854 933 2926 bleichuelt
957 2855 1207 2950 lrmengart
1241 2867 1415 2932 contrecta
1443 2871 1560 2934 erecta

185 2965 250 3048 est,
275 2953 339 3027 sub
365 2956 560 3026 testimonio
587 2955 768 3026 multorum
794 2957 1010 3046 contigerunt
1034 2957 1111 3028 ista.

284 3052 322 3126 ln
347 3053 438 3126 iesto
465 3055 629 3127 lobannis
657 3065 691 3125 et
716 3053 812 3126 Pauli
837 3057 975 3126 nomine
1000 3053 1236 3147 adelheit,
1271 3077 1338 3153 qne
1370 3055 1434 3131 iuit
1459 3060 1560 3132 surda

185 3164 220 3226 et
244 3163 335 3226 muta
362 3163 396 3225 et
421 3163 609 3254 contracta2
635 3165 751 3225 curata
776 3163 840 3226 ost.
891 3153 1022 3226 Eodem
1048 3154 1103 3227 die
1128 3155 1270 3252 quedem
1306 3155 1348 3229 de
1373 3160 1516 3233 Abuecn
1537 3181 1561 3258 ια

188 3257 291 3350 gippo
318 3256 467 3325 maximo
495 3253 650 3326 omnibus
677 3253 869 3326 uidentibus
896 3264 1011 3325 curata
1039 3265 1101 3326 est.

286 3353 448 3447 Sequenti
465 3353 532 3443 die,
556 3353 643 3424 feria
665 3357 791 3448 quinta,
815 3353 1030 3425 Heinrich
1056 3354 1106 3426 de
1132 3354 1410 3452 lougingen⁷
1427 3353 1477 3454 [⁸]
1506 3361 1561 3454 qui

187 3451 362 3526 sufficiens
389 3455 616 3525 testimonium
642 3477 712 3526 non
736 3452 903 3542 emebat,
937 3455 1078 3544 iurauit,
1112 3455 1204 3552 quod
1235 3479 1307 3534 uno,
1330 3479 1430 3529 crure
1455 3457 1562 3553 longo

187 3563 341 3648 tempore
367 3563 561 3627 contractus
588 3553 702 3640 inerit,
727 3565 864 3625 curatus
890 3559 954 3626 est.

284 3651 385 3723 Feria
411 3663 510 3725 sexta
536 3673 620 3750 puer
646 3652 776 3748 quidam
803 3653 911 3746 longo
951 3663 1106 3749 tempore
1133 3663 1326 3727 contractus
1354 3667 1388 3728 et
1411 3655 1563 3731 infirmus

188 3761 324 3824 curatus
350 3763 416 3824 est.
467 3751 598 3825 Eodem
635 3753 690 3824 die
714 3757 815 3848 uirgo
842 3752 984 3847 quedam
1025 3753 1068 3824 de
1093 3749 1415 3847 Gozbolstori‚
1445 3757 1562 3835 militis

188 3849 268 3942 ilia,
293 3871 369 3923 cum
397 3850 539 3924 deberet
564 3853 699 3925 discere
725 3855 921 3948 psalterium
949 3875 968 3924 a
994 3853 1152 3925 demonio
1179 3857 1294 3947 sepius
1320 3867 1447 3928 uexata
1475 3879 1562 3954 pora

190 3950 271 4022 didit
295 3951 467 4046 loquelam
492 3963 623 4046 septem
650 3953 768 4026 diebus
805 3963 838 4024 et
872 3952 1042 4024 ueniendo
1079 3953 1120 4025 ad
1145 3964 1298 4026 nostram
1323 3957 1494 4031 ciuitatem
1528 3959 1564 4032 in

193 4053 314 4133 itinere
339 4055 470 4146 recepit
493 4053 663 4147 loquelam
689 4054 868 4126 multorum
894 4055 1101 4128 testimonio.
1392 4082 1395 4090 ⁴
