3768 4728
598 477 819 582 episcopatus
843 475 1138 577 wirsiburgensis.

782 785 957 868 cctitw.

527 973 616 1042 muno
641 971 745 1057 litio,
765 969 797 1042 8.
817 973 896 1058 llull,
919 971 999 1060 upud
1019 976 1212 1062 limbipolin.

183 1159 372 1235 Goneordie
403 1163 495 1236 inter
518 1161 748 1238 llermnnnnm
782 1161 1060 1262 herbipolensem
1099 1166 1298 1264 episcopum
1331 1175 1367 1241 et
1403 1165 1562 1240 comitem

181 1261 376 1364 bopponem
402 1261 445 1336 de
470 1261 699 1340 Hennenbere
731 1285 773 1336 ee
806 1262 896 1340 filios
933 1287 1017 1339 suos
1042 1263 1227 1339 Henricum
1261 1275 1297 1340 et
1320 1265 1560 1342 tiernensem.

304 1433 325 1500 l.
350 1453 378 1496 n.
403 1433 431 1496 d.
456 1451 482 1498 u.
526 1433 721 1498 ilenricus
745 1431 906 1520 delgrutle
928 1433 1145 1520 thuringie
1168 1433 1364 1524 lantgreuins,
1387 1436 1562 1502 Saxonis

181 1537 280 1585 comes
303 1521 470 1604 petulinus,
502 1519 594 1584 lruter
617 1517 816 1585 Cunredus
838 1521 991 1604 hospitalis
1020 1527 1124 1584 sunete
1146 1521 1238 1585 blarle
1261 1523 1367 1586 domus
1390 1521 1559 1588 'thentoni-

181 1625 280 1671 corum
304 1611 332 1670 in
356 1605 525 1672 Jerusalem
549 1609 682 1671 minister
700 1607 829 1688 humilis,
852 1605 943 1673 trater
958 1607 1151 1672 ilenricus
1174 1605 1213 1671 de
1228 1606 1457 1674 Hebenloob
1475 1613 1560 1674 uices

181 1693 312 1758 eiusdem
335 1711 389 1776 per
411 1693 616 1758 ntenunnnm
638 1709 751 1778 gerens
783 1699 814 1756 et
837 1691 1069 1760 Goteirldus
1098 1693 1137 1757 de
1158 1693 1389 1760 liobenloob
1410 1697 1561 1760 umuersis

181 1777 285 1844 cbristi
308 1777 446 1844 ndentes
467 1784 498 1844 in
522 1786 708 1862 perpetuum.
752 1777 826 1844 Cum
849 1795 941 1866 super
963 1783 1055 1846 uurils
1078 1779 1177 1846 litibus
1199 1787 1229 1843 et
1245 1777 1400 1846 discordiis
1415 1781 1561 1847 ututurms

178 1864 282 1930 bebltis
313 1870 391 1930 inter
419 1865 627 1930 uenerabilem
657 1865 806 1930 dominum
828 1863 1079 1932 Hermennum
1109 1863 1353 1949 herbipolensem
1387 1871 1561 1952 episcopum

180 1958 209 2015 et
230 1968 303 2016 suos
319 1969 358 2016 ex
370 1957 455 2036 perte
469 1971 539 2032 une,
562 1951 732 2018 etnobllem
746 1955 842 2016 uirum
858 1957 995 2018 comitem
1006 1951 1229 2036 Bopponem
1244 1951 1282 2017 de
1298 1951 1486 2018 liennenb
1497 1971 1560 2019 oro

180 2043 209 2100 et
229 2035 306 2102 lilios
327 2053 401 2102 suos
423 2035 633 2102 llenrleum
656 2046 687 2101 et
707 2037 961 2104 llermunnum
984 2059 1021 2104 uo
1043 2055 1116 2104 sues
1139 2057 1179 2102 ex
1199 2047 1284 2122 purte
1296 2037 1389 2103 alteru
1411 2035 1472 2102 mie
1494 2037 1560 2104 dein

177 2127 206 2188 in
229 2141 286 2188 nos
309 2131 393 2190 esset
414 2127 662 2208 compromissum
685 2123 861 2208 apartibus,
884 2130 1061 2190 anctoritate
1076 2141 1111 2188 re
1144 2123 1562 2190 enlcbllemlnusuccedento

178 2227 269 2293 super
290 2207 433 2292 predictis
455 2209 556 2275 lttrbus
580 2217 610 2273 et
632 2209 788 2276 discordtls
801 2211 964 2296 sopiendis,
986 2227 1044 2275 nos
1066 2227 1102 2275 su
1137 2213 1251 2274 cienter
1273 2209 1381 2274 auditis
1402 2209 1470 2276 bino
1491 2210 1561 2275 inde

176 2294 309 2379 pertibus
332 2302 362 2360 et
384 2299 472 2359 etium
494 2297 655 2360 intellectis
678 2301 834 2361 stutuimns
856 2301 887 2361 et
908 2295 1113 2362 orrllnnuimus
1145 2295 1270 2360 lormom
1300 2297 1499 2380 subscriptum
1531 2305 1562 2362 et

177 2399 283 2446 omnes
304 2383 446 2447 articulos
468 2385 669 2468 precipientes
690 2381 814 2447 breuiter
836 2381 1004 2450 obsemnri.
1045 2381 1155 2446 comes
1176 2387 1315 2446 restituet
1330 2380 1383 2446 'l'lu
1407 2381 1445 2447 de
1460 2380 1559 2446 liov-

176 2469 324 2532 strowe
346 2465 467 2532 lendum
490 2476 520 2533 ot
542 2473 656 2544 omnin,
678 2488 739 2554 que
760 2465 799 2532 de
822 2468 956 2534 munibus
978 2471 1042 2533 suis
1064 2465 1228 2532 dinoscitur
1259 2465 1423 2545 babuisse;
1456 2483 1560 2532 comes

177 2551 319 2638 gaudebit
333 2557 531 2638 possessione
553 2555 670 2620 decime
691 2560 722 2620 tn
736 2553 994 2635 llunlsboven,
1017 2571 1109 2638 super
1124 2571 1182 2636 quo
1199 2549 1331 2616 'l'lrlmo
1353 2551 1392 2616 de
1407 2551 1558 2618 Vrheim

174 2635 1557 2812 titiitilcliiiililibllistilicidi,inimicitis:

175 2811 364 2876 libertus
388 2809 427 2876 de
447 2811 644 2878 llnrtlreim
668 2831 759 2898 super
782 2811 867 2877 bortis
890 2809 1139 2877 lliebenbuch
1170 2827 1230 2874 non
1252 2810 1386 2874 monebit
1459 2825 1557 2874 errem

176 2901 286 2976 comiti,
309 2897 365 2961 scd
387 2901 434 2963 lus
457 2917 554 2980 suum,
577 2901 603 2962 sl
624 2899 728 2980 uolet,
748 2903 780 2961 in
802 2898 913 2962 iudicio
935 2903 1146 2982 prosequetur.
1189 2895 1375 2962 Albertus
1419 2895 1556 2960 oller-

175 2979 442 3068 goldisbusen
463 2999 556 3068 super
578 2992 706 3067 quatuor
728 2983 864 3066 tulentls,
885 2983 1080 3048 llenrlo'us
1112 2979 1210 3047 dictus
1232 2983 1434 3049 Sturmere
1465 2999 1556 3066 super

175 3075 302 3151 quotuor
324 3067 443 3134 talentis
465 3067 565 3152 leodi,
594 3087 686 3153 super
714 3069 822 3152 qulbus
845 3074 984 3134 comitem
1005 3075 1156 3154 inpetunt,
1179 3067 1341 3156 [guerram
1378 3065 1477 3132 eidem
1499 3086 1558 3134 non

175 3151 355 3234 monebunt,
385 3161 432 3218 set
455 3173 558 3220 comes
590 3161 619 3220 ln
641 3155 735 3220 lormu
757 3155 856 3220 iudicii
879 3159 924 3220 eis
946 3159 1093 3220 iusticiam
1115 3153 1275 3220 exhibebit.
1364 3153 1557 3219 ollrumus

175 3239 212 3303 de
232 3237 420 3304 Lullebub
444 3239 651 3306 Lemberto
684 3241 723 3304 de
746 3259 800 3306 suu
823 3241 949 3325 querele
980 3239 1143 3306 secundnm
1173 3243 1319 3304 iusticium
1351 3237 1555 3322 respondebit.

176 3325 271 3408 Super
293 3324 394 3408 honis,
429 3343 490 3408 que
511 3325 699 3394 volkerus
730 3325 844 3410 dapifer
873 3325 912 3389 de
942 3325 1132 3393 Selzbere
1163 3333 1192 3388 et
1224 3325 1303 3389 lilius
1336 3323 1435 3388 lrutris
1466 3327 1555 3388 suin

174 3415 282 3474 comite
304 3420 428 3476 actenus
451 3418 480 3475 in
503 3411 593 3476 leode
616 3420 793 3494 tennerunt,
822 3427 943 3496 queque
974 3411 1113 3477 dominus
1136 3415 1298 3496 episcopus
1320 3409 1474 3493 possidet,
1496 3415 1555 3472 mm

175 3501 272 3560 comiti
295 3515 383 3582 quum
405 3497 573 3564 tetinero
597 3505 627 3562 et
648 3497 709 3562 bilo
731 3497 832 3564 irutrls
854 3503 901 3564 sui
925 3505 1087 3582 episcopus
1118 3495 1155 3562 erl
1182 3501 1330 3562 iusticiam
1352 3494 1554 3579 respondebit.

175 3585 281 3648 Gentes
296 3589 398 3665 quiete
414 3583 526 3648 tenebit
541 3589 672 3649 nostrum
688 3583 831 3666 Sicine,
854 3589 993 3668 quonium
1008 3591 1167 3670 episcopus
1181 3581 1218 3648 ud
1235 3586 1407 3667 petitionem
1422 3586 1554 3645 nostrum

172 3673 355 3732 renunciavit
377 3673 497 3748 notioni,
520 3687 606 3753 qvem
627 3667 757 3735 innobet
779 3677 883 3736 oontru
899 3676 1037 3734 comitem
1053 3689 1146 3753 super
1169 3687 1215 3733 eu.
1259 3667 1427 3752 Episcopus
1442 3665 1555 3730 tenebit

172 3755 340 3840 indaginem
361 3759 428 3819 siue
450 3755 593 3820 lorestum
616 3759 645 3819 ln
667 3753 766 3820 bure
788 3755 913 3840 pacifice
936 3761 967 3820 et
989 3761 1099 3842 quiete.
1144 3755 1217 3819 item
1240 3751 1279 3818 de
1305 3753 1471 3832 norullbus,
1494 3769 1554 3834 que

171 3843 221 3906 uul
245 3845 336 3906 ariter
358 3841 453 3906 rodo
475 3843 669 3925 appellentur,
691 3850 722 3905 et
743 3841 781 3908 de
803 3841 938 3923 decimis,
960 3861 1020 3925 que
1044 3849 1074 3905 et
1096 3857 1171 3924 quus
1192 3857 1296 3904 comes
1319 3857 1398 3903 nune
1418 3837 1555 3922 possidet

172 3929 200 3991 ln
222 3860 358 3991 §tolno
381 3929 430 3991 vel
452 3947 545 4012 prope
568 3927 711 4008 Stelne,
734 3926 772 3991 de
794 3925 902 4010 quibus
918 3935 1078 4012 episcopus
1097 3945 1165 3991 eum
1180 3931 1295 4009 inpetit,
1319 3941 1422 3990 onmes
1438 3941 1552 4006 corpo-

172 4011 271 4078 rainer
293 4013 461 4078 luromento
483 4017 617 4096 prestito,
639 4018 668 4077 ln
691 4019 753 4078 toto
773 4015 823 4078 rel
844 4019 874 4078 ln
895 4022 990 4098 purte,
1013 4021 1101 4098 prout
1114 4013 1170 4077 sibi
1183 4013 1340 4096 placuerit,
1363 4017 1395 4074 et
1408 4017 1552 4092 mentum

173 4099 255 4165 seluo
276 4104 461 4166 conscientie
483 4119 576 4164 susus
598 4097 873 4188 luerit,·ebtinebit.
915 4099 1073 4184 Reliqurum
1096 4105 1212 4178 nutem,
1238 4096 1319 4180 quod
1341 4111 1445 4162 eomes
1465 4099 1552 4161 luru-

1145 4183 1220 4258 37*
