3838 4728
744 449 963 544 episcopatus
989 443 1282 542 wirsiburgensis.

866 710 1158 786 CDLXXXXVII.

684 911 773 975 Anno
800 907 902 991 1287,
925 905 976 975 29.
1001 909 1150 992 Octobris,
1173 911 1335 994 Herbipoli.

316 1094 522 1169 Bertholdus
550 1095 805 1192 herbipolensis
833 1099 1017 1194 episcopus
1045 1097 1165 1170 decem
1190 1107 1366 1192 pratorum
1392 1098 1525 1190 iugera,
1563 1115 1706 1187 quorum

318 1205 450 1291 septem
476 1199 571 1271 iuxta
595 1195 774 1288 Bookelat‚
801 1201 837 1270 in
864 1197 925 1268 dar
953 1196 1084 1290 Ouwe,
1112 1201 1177 1268 tria
1204 1195 1265 1269 sub
1292 1205 1410 1268 monte
1435 1217 1533 1267 nume
1558 1192 1706 1267 llohen-

316 1295 402 1367 rode
429 1299 494 1368 sita
521 1307 610 1384 sunt,
637 1321 656 1367 a
681 1319 720 1372 se
739 1301 775 1368 in
799 1295 903 1370 feodo
918 1297 1153 1394 procedentia,
1179 1317 1266 1392 quae
1282 1293 1489 1370 Bertholdus
1511 1293 1705 1368 deltoton-

314 1393 443 1468 kolben
470 1395 640 1468 coenobio
667 1399 701 1467 in
730 1395 994 1470 Vrouwenrode
1023 1401 1276 1491 assignaverat,
1303 1397 1413 1468 eidem
1440 1393 1609 1468 coenobio
1637 1417 1703 1490 ap-

315 1495 331 1510 *
925 1502 1086 1592 propriat.
1272 1491 1276 1505 '

416 1661 697 1738 Bertboldus
725 1663 780 1737 dei
806 1667 918 1758 gratia
935 1664 1187 1761 herbipolensis
1215 1665 1409 1758 episcopus.
1449 1661 1704 1758 inspectoribus

321 1767 532 1861 presentium
569 1761 705 1858 publice
751 1767 1037 1859 recognoscimus
1071 1767 1264 1853 uniuersis,
1309 1761 1399 1856 quod
1432 1761 1704 1836 bertholdus

317 1865 360 1938 de
386 1861 734 1956 Rotenkolben,
761 1869 845 1938 ciuis
871 1875 992 1937 noster
1018 1865 1061 1936 de
1085 1863 1214 1936 Noua
1241 1865 1433 1934 ciuitate
1458 1873 1599 1955 nostra,
1640 1885 1704 1936 as-

313 1985 443 2040 serens
470 1986 510 2037 se
538 1966 724 2036 occasione
751 1964 1024 2053 Gerdrudis,
1058 1963 1128 2035 filie
1155 1985 1231 2051 sue,
1270 1961 1311 2032 ad
1337 1967 1550 2036 consortium
1577 1975 1612 2036 et
1637 1963 1706 2036 ba-

316 2064 613 2157 bitumrsligionis
643 2065 947 2137 sanctimonialium
964 2063 1099 2136 cenobii
1114 2067 1150 2136 in
1178 2062 1524 2136 Vrouwenrode
1550 2075 1704 2160 recepte,

316 2166 436 2238 decem
461 2171 636 2260 protorum
673 2168 798 2258 jugera
837 2187 856 2236 a
889 2165 990 2238 nobis
1031 2169 1066 2235 in
1109 2163 1212 2236 leodo
1244 2161 1523 2256 procedentium,
1560 2187 1704 2259 quonum

317 2277 449 2362 septem
465 2269 559 2335 iuxta
585 2263 828 2354 Boclrelat,
855 2267 900 2336 in
927 2265 1007 2336 der
1034 2263 1188 2351 Ouwo,
1216 2261 1282 2332 alia
1308 2263 1449 2334 triasub
1471 2273 1586 2336 monte
1612 2266 1702 2338 dicto

318 2387 442 2437 nume
480 2362 761 2435 Hohenrode
802 2367 866 2434 sita
893 2375 989 2451 sunt,
1031 2363 1120 2434 dioto
1148 2359 1294 2433 cenobio
1322 2365 1541 2452 assignasse,
1582 2374 1621 2435 vt
1659 2385 1703 2438 eo

317 2462 528 2536 commodius
555 2460 710 2532 ordinem
735 2466 842 2557 ipsius
870 2462 1005 2534 cenobii
1031 2465 1105 2556 ipsa
1131 2460 1211 2551 lilia,
1256 2471 1291 2530 et
1317 2458 1402 2532 ordo
1430 2462 1573 2534 eandem
1600 2462 1705 2537 liliam

317 2564 432 2634 ualeat
458 2564 640 2634 sustinere.
692 2562 730 2633 ln
758 2573 949 2634 restaurum
987 2583 1121 2656 quoque
1149 2558 1347 2632 eorumdem
1383 2563 1545 2654 jugerum
1571 2561 1615 2635 de
1642 2585 1704 2637 sua

319 2666 541 2759 proprietate,
580 2658 741 2732 uidelicet
766 2661 955 2756 quindecim
983 2682 1087 2755 agros
1125 2669 1349 2756 campestres,
1376 2681 1519 2754 quorum
1544 2663 1704 2736 undecim

318 2768 354 2836 in
379 2769 494 2834 monte
520 2761 611 2832 dieto
637 2782 763 2832 nume
789 2762 920 2852 Gran,
962 2762 1020 2833 alii
1057 2771 1201 2856 quatuor
1226 2758 1289 2833 sub
1316 2771 1432 2832 monto
1459 2760 1704 2836 Scharlle-

319 2863 439 2958 berg
456 2865 512 2934 siti
540 2871 637 2950 sunt,
676 2862 776 2934 nobis
802 2861 913 2933 libere
938 2865 1120 2957 resignans
1158 2861 1307 2961 illosque
1327 2879 1355 2932 ‘a
1379 2860 1480 2933 nobis
1505 2865 1541 2934 in
1565 2862 1705 2936 feodum

185 2955 187 2968 '
319 2963 401 3036 loco
427 2961 637 3058 prefatorum
658 2964 819 3055 jugorum
845 2965 1029 3056 recipiens,
1057 2973 1095 3034 vt
1121 2963 1357 3056 prenominata
1384 2960 1504 3033 de'cern
1530 2973 1704 3059 pratorum

317 3068 442 3158 jugera
467 3071 657 3134 memorato
685 3060 832 3134 cenobio
860 3061 989 3134 donare
1015 3067 1050 3134 in
1075 3063 1248 3158 proprium
1274 3059 1507 3154 dignaremur,
1534 3063 1705 3137 humiliter

322 3164 533 3260 supplicauit.
586 3159 659 3232 Nos
685 3163 798 3256 itaque
825 3161 867 3233 ad
894 3162 1160 3258 supplicationes
1180 3160 1372 3235 huiusmodi
1394 3161 1617 3237 fauorabilius
1643 3168 1705 3236 in-

322 3264 438 3336 clinati
464 3261 583 3334 eadem
621 3259 741 3332 decom
774 3273 949 3356 pratorum
978 3265 1103 3356 jugera
1140 3259 1453 3335 sanctimonialibus
1488 3273 1522 3334 et
1556 3265 1704 3338 cenobio

323 3385 426 3459 supra
452 3362 549 3434 dictis
577 3363 810 3456 improprium
837 3361 1037 3434 donauimus
1054 3373 1088 3434 et
1114 3361 1243 3451 damus,
1271 3361 1406 3434 anobis
1434 3371 1468 3434 ot
1492 3373 1611 3436 nostra
1637 3387 1704 3437 oc-

323 3463 431 3536 clesia
454 3465 529 3533 iure
554 3463 771 3556 proprietatis
797 3465 964 3557 perpetim
990 3461 1208 3557 possidenda.
1233 3462 1271 3534 ln
1292 3483 1435 3556 quorum
1459 3465 1704 3556 premissorum

322 3565 553 3636 testimonium
579 3571 678 3654 atquc
699 3559 903 3632 euidentiam
917 3561 1108 3656 pleniorem
1134 3562 1201 3633 boc
1228 3565 1390 3656 scriptum
1413 3560 1543 3634 eisdem
1569 3569 1703 3637 sancti-

322 3660 524 3734 monialibus
552 3669 587 3731 et
612 3659 758 3732 cenobio
787 3659 939 3735 dedimus
964 3666 1076 3734 nostri
1097 3661 1208 3756 sigilli
1228 3665 1418 3756 patrocinio
1451 3669 1701 3737 communitum.

322 3761 445 3834 Datum
477 3757 655 3853 Herbipoli
687 3781 777 3832 anno
813 3760 940 3834 domini
964 3759 1274 3853 monuxxxvu,
1300 3765 1335 3833 in
1359 3764 1508 3836 crastino
1539 3761 1704 3860 Symonis

324 3872 358 3934 et
384 3860 482 3951 lude,
508 3856 719 3956 pontificatus
746 3863 858 3934 nostri
883 3881 972 3932 anno
1000 3860 1087 3934 XIll.

532 4053 669 4140 Sigillum
690 4057 848 4140 appendet.
