3838 4728
341 455 414 526 552
908 451 1135 526 „Monumenta

343 655 452 725 sentis
478 659 584 724 status
600 653 765 743 temporis
781 653 917 745 patitur,
944 651 1160 724 decreuimos
1173 648 1447 744 impendendum,
1473 651 1559 720 utin
1576 647 1728 720 ecelesia

342 763 462 825 nostra
489 772 551 845 per
573 772 639 822 vos
653 749 843 822 diuinorum
859 750 972 822 officia
984 750 1126 824 liberius
1140 751 1279 822 valeant
1292 751 1465 838 exerceri,
1489 747 1727 844 parrochiales

344 851 514 924 ecelesias
541 850 919 924 Brouoldesheim
957 851 1121 923 videlieet
1157 861 1191 922 et
1225 849 1545 938 Gochesheim,
1587 869 1727 942 quarum

343 951 484 1024 collatio
513 949 554 1021 ad
580 973 645 1022 nos
671 961 829 1045 spectare
855 951 1063 1040 dinoscitur,
1089 950 1190 1023 vohis
1216 951 1318 1045 pleno
1343 953 1422 1042 jure
1447 951 1667 1044 proprietatis
1694 958 1730 1018 et

343 1054 581 1148 possessionis
608 1049 772 1122 donamus
800 1062 835 1122 et
861 1051 1099 1139 concedimus,
1134 1055 1167 1122 in
1194 1073 1260 1122 vos
1288 1050 1426 1122 easdem
1454 1049 1626 1120 ecclesias
1653 1069 1729 1118 oum

340 1151 473 1246 juribus
500 1161 537 1222 et
560 1153 773 1245 pertinentiis
811 1155 882 1224 suis
917 1175 991 1223 curn
1019 1152 1121 1246 pleno
1148 1173 1261 1223 rerunt
1289 1150 1439 1222 dominio
1466 1149 1729 1236 transferentes,

345 1251 503 1347 qnodque
537 1250 667 1322 lruotus
706 1251 888 1322 earundem
925 1253 1149 1324 ecclesiarum
1189 1255 1221 1322 in
1261 1250 1445 1322 subsidium
1481 1248 1728 1344 prebendarum

344 1362 538 1425 vestrarum
563 1361 770 1422 conuertere
795 1356 950 1445 possitis,
979 1351 1176 1423 cedentibus
1204 1350 1262 1421 vel
1289 1349 1533 1444 decedentibus
1555 1351 1728 1444 personis,

347 1473 413 1547 que
439 1455 532 1547 ipsas
561 1450 731 1522 ecelesias
757 1455 822 1522 iarn
849 1451 1032 1546 possidere
1050 1451 1282 1540 dinoscuntur,
1308 1451 1443 1545 plenam
1459 1449 1560 1522 vohis
1576 1470 1729 1544 presen-

346 1551 435 1623 tibus
462 1551 681 1623 concedimus
706 1551 915 1640 facultatem,
941 1556 987 1623 ita
1009 1563 1141 1639 tamen,
1170 1551 1259 1645 quod
1285 1572 1366 1621 eura
1394 1553 1579 1621 animarum
1605 1547 1728 1619 ibidem

348 1655 485 1724 minime
511 1651 726 1745 negligatur,
765 1652 922 1746 quodque
948 1651 1100 1748 predicte
1126 1651 1277 1723 ecclesie
1303 1650 1518 1746 parochiales
1545 1658 1729 1744 perpetuos

347 1751 494 1823 habeant
519 1753 682 1836 vicarios,
709 1750 828 1845 quihus
856 1763 980 1824 tantum
1008 1752 1049 1822 de
1076 1755 1223 1847 ipsarum
1249 1750 1471 1845 prouentihus
1510 1750 1728 1842 relinquatur,

350 1850 440 1946 quod
466 1854 630 1945 episcopo
657 1860 692 1921 et
715 1844 967 1948 archidyacono
994 1851 1075 1939 loci,
1102 1855 1157 1946 qui
1183 1873 1245 1946 pro
1261 1849 1566 1945 temporefuerint,
1594 1848 1635 1919 de
1658 1852 1729 1920 suis

349 1951 490 2022 valeant
512 1948 643 2042 juribus
668 1951 889 2045 respondere.
924 1951 961 2023 In
978 1955 1074 2022 cuius
1100 1955 1151 2022 rei
1165 1954 1394 2022 testimonium
1408 1972 1553 2045 presens
1571 1951 1730 2043 scriptum

349 2055 459 2122 nostri
488 2050 594 2142 sigilli
620 2054 809 2144 patrocinio
847 2051 1003 2123 duximus
1030 2049 1268 2122 roborandum.
1321 2050 1443 2121 Datum
1479 2072 1568 2122 anno
1605 2048 1729 2120 domini

348 2148 566 2223 thCLXXX
602 2153 731 2238 tercio,
774 2150 883 2244 pridie
923 2149 1087 2222 kalendas
1127 2150 1324 2240 Februarii,
1367 2149 1580 2245 pontificatus
1621 2150 1730 2219 nostri

351 2272 439 2321 anno
466 2271 570 2322 nono.

561 2447 698 2532 Sigillum
722 2448 835 2512 laesura
858 2447 1015 2532 appendet.

957 2892 1134 2966 cclxiv.

714 3093 805 3154 Arrno
831 3087 957 3172 1283,
972 3089 1000 3154 9.
1024 3091 1194 3171 Februarii,
1216 3091 1377 3173 Herbipoli.

352 3273 557 3348 Bartholdus
583 3273 835 3371 herbipolensis
863 3279 1045 3372 episcopus
1073 3276 1235 3350 Heinrico
1263 3275 1305 3349 de
1326 3277 1488 3349 Steinach
1504 3277 1732 3350 molendinum

354 3387 452 3448 extra
477 3375 596 3450 villam
624 3373 799 3467 Steinach,
825 3375 866 3447 ah
893 3371 1073 3448 Herhordd
1101 3377 1220 3449 Teiler
1246 3377 1288 3450 de
1310 3376 1495 3450 Haseiurth
1510 3381 1733 3473 resignatum,

735 3481 810 3548 iure
834 3473 926 3548 leodi
951 3476 1192 3571 possidendum
1221 3477 1364 3550 conlert.

452 3645 727 3720 Bartholdus
767 3646 821 3717 dei
864 3649 973 3740 gratia
1017 3645 1271 3741 herbipolensis
1314 3652 1508 3742 episcopus.
1567 3647 1734 3722 Nouerint

354 3749 507 3818 uniuersi
528 3745 646 3817 herum
661 3750 877 3842 inspectores
893 3747 1095 3835 litterarum,
1121 3746 1209 3840 quod
1225 3747 1374 3818 Heinri
1385 3771 1433 3820 eo
1461 3748 1504 3820 de
1519 3747 1734 3821 Steinach

352 3846 437 3918 illud
472 3845 700 3920 molendinum
740 3855 838 3918 extra
878 3845 994 3918 villam
1031 3845 1251 3916 Steinach
1279 3851 1401 3938 situm,
1440 3847 1529 3942 quod
1567 3851 1732 3944 quondan

353 3945 617 4018 llerhordus
645 3947 753 4018 dictus
781 3947 941 4018 Teilcr
975 3945 1017 4016 de
1043 3943 1286 4017 Haselirth
1324 3971 1343 4018 a
1376 3947 1477 4021 nohis
1513 3959 1549 4020 et
1583 3953 1733 4024 eeclesia

355 4049 531 4116 nostruin
555 4045 660 4119 leudo
686 4049 806 4136 mnuit,
832 4045 873 4116 ad
901 4045 1052 4119 eiusdem
1067 4043 1249 4137 Herhordi,
1276 4057 1357 4119 tuno
1383 4053 1416 4120 in
1431 4071 1535 4121 carne
1549 4055 1734 4144 constituti,
