3774 4728
897 454 1120 546 nooman

924 797 1096 875 cucxnl.

821 1001 911 1066 nino
938 997 1040 1080 rose,
1062 999 1092 1065 a.
1115 999 1203 1064 neri.

315 1187 451 1284 luingas
476 1185 732 1284 herbipolensis
759 1189 934 1264 eoelesiae
968 1193 1087 1285 episoo
1133 1213 1152 1263 s
1191 1187 1450 1274 oordrnnutione
1472 1208 1538 1261 sua
1563 1181 1705 1259 roborat

316 1287 531 1362 trurlitionera
556 1294 735 1362 uiraearnru
762 1300 797 1363 et
822 1289 990 1363 redituum
1016 1291 1051 1361 in
1072 1211 1274 1387 &mein
1294 1300 1337 1362 -et
1361 1293 1396 1361 in
1420 1286 1644 1375 Eioluesuolt7
1671 1289 1705 1356 et

316 1393 516 1488 piseatiouis
543 1393 576 1466 iu
602 1388 914 1472 Raudesaolrerea
951 1389 1058 1472 uolnli
1098 1394 1177 1466 viro
1218 1389 1375 1474 sarmada
1410 1387 1454 1474 de
1486 1385 1706 1468 Richoubero

317 1501 352 1571 et
375 1487 588 1586 Irrueugardi
614 1493 720 1585 ipsius
762 1513 874 1564 uxore
913 1514 1087 1568 consensu
1125 1489 1271 1569 filiorum
1307 1513 1426 1566 eornm
1467 1487 1633 1573 iohannis
1670 1493 1706 1558 et

316 1587 492 1666 ludewici
517 1590 630 1674 dunnui
655 1589 817 1688 hospitali
843 1593 881 1668 S.
909 1591 1073 1669 lobonis
1098 1595 1133 1668 in
1158 1589 1364 1666 Wiroeburo
1392 1589 1529 1682 foetum,
1554 1591 1644 1662 daut
1670 1593 1705 1660 et

317 1689 567 1768 ordinationem
580 1687 727 1767 Ganradi
754 1702 789 1764 et
805 1689 1035 1788 lrrneugardis
1057 1689 1382 1792 superpruebenda,
1406 1713 1507 1791 poam
1520 1714 1541 1770 a
1554 1683 1704 1792 oppitulo

693 1794 833 1868 maioris
861 1789 1034 1867 ecelesiae
1061 1791 1161 1876 ambo
1188 1791 1324 1869 habeon

415 1961 599 2058 lringus
628 1962 682 2036 dei
708 1966 826 2058 gracia
851 1963 1105 2060 herbipolensis
1133 1967 1327 2064 episcopus.
1368 1961 1454 2038 (ivm
1482 1983 1529 2035 ex
1553 1964 1705 2038 iniuncto

318 2061 417 2138 uobis
446 2061 560 2136 officio
587 2064 752 2160 pastorali
779 2063 821 2136 ud
847 2065 1148 2138 conseruationem
1186 2085 1300 2137 rerum
1328 2067 1477 2141 omniurn
1504 2061 1707 2138 collatarum

319 2163 481 2239 eeclesiis
517 2175 553 2235 et
576 2167 738 2264 personis
774 2165 951 2259 religiosis
992 2187 1073 2236 esso
1108 2167 1228 2238 intenti
1255 2173 1290 2236 et
1330 2165 1470 2240 solliciti
1509 2161 1706 2254 debeamus,

318 2263 537 2438 presentibus
564 2267 691 2364 pariter
717 2273 753 2336 et
776 2263 898 2340 futuris
924 2265 1067 2338 iacimus
1102 2263 1342 2354 manifestum,
1376 2263 1466 2361 quod
1500 2263 1626 2338 nobilis
1653 2265 1707 2336 vir

353 2363 552 2439 onradus
581 2363 934 2438 delliobenbero
959 2375 994 2438 et
1014 2365 1288 2461 lrmegardis
1315 2369 1422 2464 ipsius
1444 2365 1707 2458 vxorlegitimu

316 2487 418 2544 mana
445 2463 633 2542 coadunata
659 2465 914 2564 quatuordeeim
935 2469 1061 2562 jugera
1099 2471 1277 2540 vinearum
1317 2469 1351 2539 in
1377 2463 1634 2564 Opberbein
1672 2473 1707 2538 et

319 2569 355 2640 in
377 2565 660 2657 Riobesvelt,
687 2587 752 2639 sex
777 2565 985 2640 maldrorurn
1012 2567 1159 2660 siliginis
1186 2577 1286 2662 atque
1313 2569 1411 2642 trium
1439 2565 1597 2642 librannn
1624 2565 1706 2638 hal-

319 2667 465 2740 lensium
490 2665 642 2740 redditus
669 2667 834 2740 annuales
877 2679 911 2738 et
951 2665 1117 2763 amplius‚
1157 2671 1186 2739 si
1223 2667 1301 2762 quid
1340 2665 1465 2740 babent
1501 2671 1536 2742 in
1575 2665 1707 2739 eisdem

321 2764 452 2850 duobus
478 2766 567 2840 locis
593 2771 628 2838 in
653 2769 779 2858 vineis,
806 2771 913 2862 agris,
939 2771 1059 2864 pratis,
1086 2767 1206 2856 siluis,
1234 2771 1346 2856 areiS,
1373 2789 1509 2843 annone
1536 2777 1571 2840 et
1594 2763 1706 2842 deua-

320 2871 449 2942 riarurn
474 2865 659 2941 redditibus
688 2877 721 2938 et
747 2871 781 2938 in
809 2867 965 2942 omnibus
979 2865 1084 2941 rebus
1111 2867 1200 2959 aliis,
1227 2868 1395 2962 inquibus
1411 2866 1536 2940 ibidem
1551 2867 1707 2940 uidentur

321 2969 450 3064 aliquot
475 2969 528 3042 ius
553 2967 702 3058 babere,
737 2965 780 3038 de
815 2991 990 3042 consensu
1017 2977 1051 3039 et
1076 2969 1166 3040 bona
1192 2967 1370 3058 voluntate
1390 2967 1541 3041 frliornrn
1568 2986 1707 3042 suorum

321 3067 539 3141 lobannis
578 3079 613 3141 et
638 3067 862 3140 Ludewioi
899 3066 1009 3140 libere
1049 3067 1259 3141 tradiderunt
1294 3067 1455 3142 iratribus
1497 3080 1531 3142 et
1564 3065 1706 3141 infirmis

323 3165 443 3242 donans
470 3165 721 3266 hospitalis
748 3171 894 3241 sancti
921 3167 1140 3242 lobannis
1166 3167 1708 3268 inWireeburopossidenda

320 3267 567 3368 perpetualiter
590 3269 694 3366 pleno
720 3272 806 3340 iure.
844 3267 988 3365 insuper
1013 3272 1250 3366 piscationem,
1277 3291 1375 3366 quarn
1401 3267 1526 3344 bahent
1543 3273 1576 3341 in
1591 3269 1707 3342 Ran-

323 3367 609 3460 dersachere
636 3391 700 3464 que
730 3367 875 3464 singulis
892 3371 1090 3466 septimanis
1108 3371 1212 3442 soluit
1226 3375 1260 3443 in
1275 3367 1426 3466 piscibus
1442 3391 1547 3443 vuum
1562 3369 1709 3442 solidum

321 3469 540 3564 hallensium,
565 3468 697 3543 eisdem
722 3467 883 3548 frutribus
910 3481 945 3542 et
970 3469 1110 3545 infirmis
1138 3473 1240 3542 etiarn
1266 3471 1483 3544 contulerunt
1509 3470 1568 3542 tali
1593 3475 1707 3544 inter-

321 3573 436 3666 posito
464 3579 576 3643 tamen
603 3579 724 3668 pacto,
762 3580 799 3642 ul
832 3573 907 3668 ipsa
932 3573 1075 3668 piscatio
1104 3571 1319 3644 solummodo
1346 3581 1503 3668 tempore
1527 3569 1615 3662 boo,
1641 3593 1707 3666 quo

321 3674 450 3744 uixerit
476 3669 513 3741 C.
538 3669 663 3744 nobilis
678 3679 900 3762 memoratus,
927 3693 1002 3742 cum
1029 3675 1120 3744 omni
1146 3695 1208 3746 sua
1234 3675 1367 3744 iusticia
1394 3671 1567 3747 deseruial
1582 3689 1707 3768 supra-

323 3771 421 3843 dietis
447 3769 607 3844 iratribus
634 3781 670 3843 et
694 3769 836 3846 infirmis
864 3781 898 3843 et
923 3781 1003 3868 post
1028 3781 1171 3844 mortem
1200 3771 1237 3844 G.
1264 3770 1389 3846 nobilis
1417 3773 1458 3844 ad
1484 3775 1591 3870 ipsius
1617 3769 1708 3846 lilios

323 3869 511 3967 prelibatus
538 3869 631 3944 illioo
659 3871 871 3944 deuoluatur.
918 3869 1082 3943 Preterea
1110 3872 1275 3970 sepedicti
1302 3871 1340 3944 C.
1366 3871 1492 3949 nobills
1518 3884 1553 3945 et
1570 3869 1708 3946 lurne-

324 3969 482 4066 gardis
510 3993 600 4045 vxor
626 3995 687 4047 sna
726 3975 815 4046 inter
851 3993 890 4045 se
915 3974 1042 4067 pariter
1069 3982 1259 4046 stanrerunt
1298 3983 1332 4046 et
1367 3973 1633 4064 ordinanerunta
1673 3981 1709 4044 nt

324 4068 510 4168 prebenda,
537 4095 636 4168 quarn
663 4095 683 4144 a
709 4071 858 4170 capitulo
886 4074 1026 4150 ardoris
1053 4072 1205 4152 ecclesie
1219 4072 1320 4148 ambo
1346 4073 1470 4148 liabent
1496 4073 1537 4146 ad
1564 4077 1709 4150 artesae
