3774 4728
313 463 388 540 bbb
894 463 1111 538 blonumento

315 664 570 742 consuetudinis
598 673 698 762 atquo
724 664 818 738 iuris.
871 664 919 738 Vt
944 675 1055 739 autem
1093 666 1205 737 omnia
1230 663 1419 762 prelibata,
1456 665 1544 737 sicud
1569 661 1702 738 uerbo-

313 781 414 842 tenus
442 777 520 840 sunt
545 787 738 863 expressa,
776 767 882 839 robur
907 765 1055 842 habeant
1080 765 1266 858 firmitatis,
1302 769 1429 860 scripta
1456 775 1510 839 est
1535 767 1571 838 iu
1598 769 1702 838 testi-

313 871 464 942 moninm
491 887 637 963 presens
664 866 778 939 littera
804 878 838 939 et
864 867 989 961 sigillis
1017 867 1182 937 dictorum
1211 866 1426 938 dominorum
1451 865 1496 938 Μ.
1523 868 1702 961 prepositi

313 971 359 1041 A.
387 967 507 1040 decani
533 977 568 1040 et
594 967 731 1063 capituli
757 971 898 1042 maioris
925 990 1061 1040 necnon
1088 978 1122 1038 ot
1147 967 1262 1040 fratris
1288 964 1494 1060 lngebrandi
1521 987 1702 1038 commen-

315 1069 443 1142 datoris
470 1067 591 1140 domus
619 1066 815 1140 teuthonica
842 1072 875 1141 in
901 1067 1106 1141 Hiltenheim
1134 1065 1331 1159 diligentius
1358 1065 1531 1138 roborata.
1577 1065 1702 1140 Actum

313 1168 419 1244 Herbi
444 1168 491 1242 oli
519 1191 608 1242 anno
635 1168 762 1242 domini
788 1167 994 1259 nlcutlltl„
1023 1179 1142 1263 quarto
1168 1189 1278 1240 nonas
1292 1165 1385 1257 Maii,
1411 1166 1596 1240 indictione
1616 1165 1702 1258 llll.2

313 1191 528 1374 pontildbatus
552 1263 632 1344 dieti
659 1269 784 1342 domini
811 1267 915 1361 lringi
942 1267 985 1342 de
1010 1267 1222 1364 llobenburg
1249 1289 1338 1342 antro
1364 1269 1486 1364 primo.

527 1468 710 1550 Appendent
731 1476 858 1550 quatuor
882 1469 989 1554 sigilla.

525 1580 559 1644 ln
593 1586 726 1664 margine
759 1586 908 1663 superiori
947 1581 1068 1654 chartae
1105 1589 1250 1666 apparent
1286 1585 1390 1667 apicus
1425 1582 1579 1646 literarum
1617 1582 1702 1646 verbi

527 1666 795 1752 ‚,Clrographraa“‚

905 2119 1115 2195 CCCXXVl.

746 2307 834 2390 Auno
860 2319 961 2404 taen,
989 2318 1035 2386 10.
1059 2321 1137 2402 blall,
1159 2319 1261 2386 Aslsli.

316 2506 536 2583 innocentius
562 2533 649 2608 papa
673 2509 733 2582 tv.
761 2515 925 2606 episcopo
951 2507 1184 2605 herbipolensi
1203 2507 1244 2579 ad
1272 2511 1538 2604 quaerimoniam
1564 2509 1701 2604 capituli

318 2613 457 2684 maioris
495 2611 667 2684 ecclesiae
705 2611 860 2700 mandata
900 2611 1054 2704 quatinus
1093 2608 1339 2705 parrochianos
1366 2619 1524 2700 moneat2
1558 2632 1602 2681 ne
1640 2629 1703 2706 pro

319 2711 441 2786 divinis
475 2707 649 2784 audiendis
684 2721 718 2784 et
751 2709 976 2808 recipiendia
1010 2713 1214 2806 contemptis
1252 2709 1412 2782 ecclesiis
1439 2709 1481 2780 ad
1522 2709 1704 2806 capitulum

510 2809 691 2884 immediate
719 2811 963 2910 spectantibus,
990 2809 1120 2886 alienas
1149 2807 1317 2884 ecclesias
1346 2809 1519 2882 accedant.

417 2979 494 3055 lun
507 3003 528 3056 o
540 3005 560 3055 c
571 2985 721 3056 entius
748 2985 931 3079 episcopus
949 3005 1071 3058 seruus
1088 3005 1268 3056 seruorum
1284 2982 1339 3054 dei
1351 2981 1542 3056 venerabili
1555 2981 1651 3054 tratri
1669 3037 1701 3054 ..

319 3085 485 3178 episcopo
512 3081 745 3179 herbipolensi
771 3083 915 3155 salutem
943 3095 977 3155 et
1004 3084 1226 3181 apostolicam
1264 3081 1547 3156 benedictionem.
1600 3082 1704 3156 Lecta

321 3205 436 3256 coram
463 3181 563 3256 nobis
590 3187 705 3276 grauis
733 3182 934 3256 dilectorum
955 3183 1100 3256 liliorum
1116 3240 1148 3254 ..
1175 3187 1398 3280 prepositi..
1424 3183 1557 3275 decani,
1583 3183 1703 3256 arabi·-

319 3281 539 3356 'dlaconorum
566 3293 600 3355 et
626 3283 763 3379 capituli
788 3283 942 3356 ecclesie
967 3284 1218 3380 herbipolensis
1245 3287 1456 3379 querimonia
1494 3283 1703 3374 continebat,

319 3383 409 3478 quod
435 3383 518 3456 licet
544 3385 578 3455 in
603 3387 678 3479 ipsa
704 3394 739 3454 et
764 3383 840 3457 aliis
868 3385 1029 3459 ecclesiis
1067 3383 1108 3456 ad
1147 3407 1210 3458 eos
1237 3384 1430 3456 immediata
1456 3385 1703 3479 spectantibus,

319 3483 361 3555 ad
376 3483 560 3555 audiendas
576 3482 875 3578 parrochianorum
890 3488 1039 3581 ipsarum
1055 3485 1296 3560 confessiones
1314 3485 1561 3581 deputauerunt
1576 3507 1703 3559 saeer-

319 3583 431 3676 notes,
458 3585 513 3678 qui
539 3606 643 3677 agras
670 3585 862 3656 mortalium
888 3597 1021 3660 mentes
1047 3589 1102 3682 pia
1128 3585 1364 3658 moderatione
1391 3609 1453 3681 pro
1481 3595 1586 3676 etate,
1614 3610 1703 3659 sexu

319 3694 354 3754 et
377 3682 506 3756 uiribus
531 3684 573 3756 ad
599 3683 742 3756 salutem
767 3685 957 3781 perducere
983 3687 1094 3758 diuina
1121 3690 1297 3758 curatione
1321 3697 1511 3777 nouerant,
1549 3686 1704 3759 nichilo·

318 3787 429 3858 urinus
454 3795 569 3858 tamen
593 3788 659 3882 ipsi
684 3786 900 3881 parrochiani
926 3789 1128 3881 irrequisitis
1155 3787 1286 3860 eisdem
1313 3786 1569 3878 sacerdotibus,
1599 3792 1704 3862 immo

317 3887 432 3980 potius
467 3883 723 3982 dampnabiliter
759 3887 936 3982 uilipensis
971 3887 1013 3958 ad
1053 3887 1216 3983 quosdam
1251 3887 1441 3982 religiosos
1480 3887 1575 3959 uelut
1614 3889 1705 3984 apud

318 3987 415 4079 ipsos
441 3991 590 4060 rosinam
616 3987 789 4058 dumtaxat
826 3987 945 4060 salutis
982 3991 1156 4061 inueniant
1194 4010 1233 4062 sc
1272 3999 1403 4061 tamara
1437 3987 1702 4080 transferentes,

320 4094 463 4182 opertos
488 4090 539 4163 eis
565 4097 783 4188 peccatorum
807 4085 934 4164 nudant
959 4087 1112 4184 morbos,
1136 4091 1319 4191 iniquitatis
1346 4089 1503 4164 reuelant
1529 4101 1703 4168 sacratum
