3768 4728
585 477 800 568 episcopatus
827 473 1120 566 wirzburgensis.

729 919 970 994 ooxxxnn.
1074 899 1076 904 ’

678 1069 682 1076 Δ
747 1123 837 1182 Anno
865 1117 953 1228 l23i'a.

164 1301 375 1376 llermennus
410 1301 662 1400 herbipolensis
690 1309 872 1402 episcopus
908 1317 1024 1378 notum
1057 1305 1159 1394 iacit,
1199 1303 1288 1398 quod
1325 1303 1537 1396 Waltheros,

164 1403 248 1476 hlius
276 1405 425 1497 Billungi
451 1403 493 1475 de
520 1402 712 1494 bleichfelt,
739 1409 825 1478 civis
852 1405 1102 1501 herbipolensis
1129 1416 1163 1476 et
1188 1426 1278 1475 uxor
1297 1405 1538 1478 suaFriderun

163 1515 239 1576 octo
266 1507 386 1598 iugera
411 1507 588 1574 vinearum
615 1506 649 1578 in
675 1504 863 1576 Bleseberc
900 1515 935 1576 et
967 1505 1033 1578 doo
1071 1509 1191 1598 iugera
1226 1515 1260 1575 et
1295 1503 1465 1576 dimidium
1503 1511 1537 1577 in

162 1603 339 1676 hlorsberc
365 1603 537 1675 acclesiae
563 1600 795 1700 herbipolensi
821 1605 1068 1692 vendicarunt,
1104 1616 1138 1676 et
1171 1627 1233 1700 per
1259 1626 1392 1675 manum
1418 1605 1538 1678 deceni

164 1708 297 1774 nomine
324 1703 505 1776 oblationis
531 1724 593 1796 pro
621 1727 731 1776 annuo
759 1727 890 1776 canone
915 1709 1014 1776 trium
1048 1703 1252 1776 talentorum
1286 1703 1536 1799 herbipolensis

649 1814 809 1875 monetae
836 1815 1050 1900 receperunt.

260 1971 285 2042 l.
312 1995 344 2043 n.
373 1971 404 2042 d.
432 1996 462 2044 a.
514 1971 554 2042 Η.
583 1972 638 2044 dei
664 1977 774 2066 gratia
787 1972 1037 2068 herbipolensis
1054 1975 1297 2068 episcopus...
1324 1973 1537 2046 Nouerint..

165 2095 282 2144 omncs
308 2071 405 2146 huius
433 2072 545 2142 littere
570 2075 808 2168 inspectores,
849 2073 938 2167 qood
973 2072 1082 2144 fidelis
1120 2083 1240 2146 noster
1278 2073 1536 2146 Waltharus

165 2173 249 2243 ilios
276 2171 480 2264 Billongi
507 2171 548 2242 de
574 2172 845 2260 Bleichielt‚
880 2176 965 2244 ciuis
991 2171 1266 2266 herbipolensis,
1300 2183 1335 2243 et
1359 2195 1450 2245 vxor
1477 2197 1538 2246 sua

164 2273 188 2342 F
199 2271 379 2342 riderun
406 2271 530 2342 dilecto
557 2283 677 2346 nostro
704 2275 747 2346 A.
775 2275 914 2344 maioris
943 2271 1093 2344 ecclesie
1106 2271 1235 2344 decano
1249 2273 1343 2344 titulo
1356 2275 1537 2368 emptionis

165 2371 248 2466 apud
274 2374 369 2466 ipsos
397 2369 570 2442 obtinente
595 2381 674 2445 octo
701 2376 820 2465 iugera
846 2375 1023 2444 vinearum
1057 2375 1121 2444 sita
1160 2374 1195 2442 in
1226 2371 1479 2444 Bleseberc
1503 2379 1538 2444 in

165 2472 256 2560 loco,
282 2474 338 2564 qui
364 2470 483 2542 dicitur
517 2471 832 2561 Wintirleirle,
864 2470 930 2543 doo
968 2475 1088 2564 iugera
1128 2483 1163 2542 et
1200 2469 1370 2542 dimidivm
1405 2474 1469 2542 sita
1504 2477 1538 2543 in

164 2569 407 2659 llorsherc,
432 2573 466 2640 in
492 2570 585 2660 loco,
611 2574 666 2666 qui
692 2570 1238 2658 dicitorWintirlaide‚.cum
1256 2574 1538 2666 omniiorepro-

166 2675 315 2766 prietotis
329 2670 417 2740 dicte
429 2673 550 2742 maiori
560 2671 710 2743 ecclesie
719 2671 815 2743 nollo
830 2669 1084 2743 contradicente
1098 2671 1300 2740 vnanimiter
1311 2670 1536 2742 contulerunt.

165 2771 289 2858 Facta,
331 2773 418 2840 sicut
443 2770 535 2842 solet
570 2769 664 2858 fieri‚
700 2773 965 2844 renunciaoione
990 2792 1090 2842 manu
1117 2781 1152 2841 et
1178 2769 1309 2841 calamo
1335 2773 1369 2841 in
1395 2771 1537 2859 eisdem,

167 2867 286 2942 deinde
312 2872 400 2940 sicut
437 2873 611 2963 prouisum
648 2871 778 2962 inerat,
818 2871 956 2944 easdem
995 2873 1115 2940 vineas
1154 2891 1217 2964 per
1255 2891 1386 2942 menum
1420 2871 1538 2942 decani

166 2974 301 3042 nomine
328 2968 509 3042 oblationis
537 2970 579 3042 ab
605 2969 756 3042 ecclesia
781 2981 1000 3066 receperunt,
1026 2969 1150 3042 sibiet
1176 2969 1332 3042 omnibus
1357 2969 1537 3042 heredibus

167 3074 234 3142 suis
261 3073 294 3140 in
321 3081 496 3163 posterum
528 3069 752 3166 possidendas
790 3093 852 3165 pro
886 3091 998 3142 annuo
1020 3091 1167 3141 canone
1200 3073 1299 3140 trium
1334 3070 1538 3142 talentorum

168 3168 414 3264 herbipolensis
439 3179 575 3242 monete
601 3172 634 3242 in
662 3169 721 3241 tali
745 3173 903 3260 termino,
930 3191 1018 3240 anno
1033 3169 1110 3240 inde
1127 3169 1270 3262 singolis
1285 3167 1539 3250 soluendorum,

167 3292 228 3364 qne
254 3272 318 3339 tria
346 3269 472 3340 talenta
499 3268 652 3364 sepefato
681 3268 810 3342 decano
837 3269 947 3364 quoad
971 3271 1098 3340 uixerit
1130 3277 1208 3342 sunt
1241 3269 1425 3356 soloende3
1461 3281 1539 3364 post
1665 3329 1668 3338 .

168 3373 259 3442 cuius
287 3368 413 3440 obitum
440 3369 562 3442 cedent
588 3367 740 3441 ecclesie
765 3369 826 3442 suh
853 3393 897 3442 eo
913 3369 1025 3458 titulo,
1051 3391 1117 3462 quo
1132 3367 1328 3462 adhucipse
1346 3391 1408 3462 pro
1428 3373 1538 3440 anime

169 3491 227 3541 sue
252 3467 406 3542 remedio
433 3468 475 3540 de
500 3471 608 3565 ipsios
635 3467 817 3552 oblationis
845 3489 977 3541 canone
1003 3467 1222 3540 ordinandum
1254 3467 1447 3540 decreuerit
1482 3469 1539 3539 uel

168 3567 356 3661 legandum.
396 3569 472 3640 Hoc
497 3572 598 3640 etiem
613 3579 744 3664 pactum
762 3574 849 3640 inter
865 3579 981 3640 cetera
1001 3579 1054 3640 est
1068 3566 1246 3655 adiectum,
1272 3567 1361 3662 quod
1380 3567 1538 3660 qrrando-

170 3689 296 3762 conqrre
336 3667 423 3739 dicte
460 3671 636 3764 pensionis
672 3669 797 3740 solutio
825 3693 845 3740 a
874 3667 1031 3741 soluendi
1056 3670 1200 3738 termino
1240 3690 1305 3740 sex
1343 3671 1539 3762 septimanis

169 3767 325 3860 neglecta
351 3767 453 3840 luerit
479 3768 536 3840 uel
563 3771 703 3858 omissa,
728 3771 804 3864 ipse
829 3771 932 3840 vinee
959 3791 979 3838 a
1004 3789 1213 3862 possessore
1238 3765 1347 3838 libere
1371 3767 1539 3840 vacabunt

171 3870 359 3939 cumomni
394 3871 469 3939 iore
506 3867 546 3940 ed
574 3869 756 3940 ecclesiam
791 3867 1005 3962 integraliter
1031 3867 1202 3938 deuolute.
1255 3867 1400 3938 Testes:
1427 3867 1538 3938 llein-

56 4035 62 4062 ,
171 3971 256 4040 ricus
284 3978 426 4055 custos,
460 3967 634 4040 Arnoldus
661 3972 888 4058 camerarius,
923 3967 966 4038 Α.
995 3966 1037 4038 de
1063 3965 1292 4055 walehusen,
1327 3965 1538 4038 leodericus

172 4064 209 4136 de
233 4067 375 4182 Appolt‚
399 4067 634 4142 Heinricosde
650 4067 848 4156 Wecbman
875 4065 1065 4156 swiker-oa,
1083 4065 1537 4236 Enpplparrlosprepositos
