3768 4728
598 469 820 570 *eorm
843 466 1137 566 mense·
1495 471 1569 550 se

192 671 460 746 oaonnnieatir
485 671 682 746 romantio
708 669 877 763 exclusis,
901 669 1015 746 diuina
1045 668 1091 744 ibt
1125 667 1240 744 oiicla
1264 667 1501 763 celebrantur,
1536 681 1571 748 et

193 769 333 844 narbon
360 767 610 846 exhortationis
637 767 681 844 nd
702 771 863 869 populun
887 780 1106 869 proponatur.
1157 767 1231 844 Nos
1256 772 1361 865 igitur
1386 769 1429 844 de
1455 775 1572 846 omni·

194 873 343 966 potemh
368 868 424 942 dei
450 869 686 946 misericordis
711 869 891 946 moron
915 872 1008 946 Petri
1041 881 1077 944 et
1102 869 1197 944 Pauli
1223 869 1459 968 apostolorum
1484 873 1573 962 ains,

192 970 998 1147 :itmtitiiintiiithfitii
1013 982 1071 1166 ii
1085 968 1571 1146 'titiiitii‘iiis

969 1123 980 1162 i

192 1173 413 1268 pnmcxerint
437 1169 648 1262 adinuicem,
675 1169 895 1266 quadraginin
929 1170 1004 1246 dies
1030 1169 1253 1244 criminalium
1286 1174 1435 1244 ininnote
1466 1172 1570 1266 peni·

190 1274 297 1345 tenda
324 1280 359 1342 ei
384 1291 506 1344 nonum
533 1269 735 1362 nenialinm,
759 1281 900 1366 paccoin
927 1269 1057 1366 oblita,
1092 1281 1176 1344 vein
1214 1271 1340 1362 irnetn,
1382 1273 1413 1344 si
1451 1269 1494 1342 ud
1526 1289 1572 1344 aa

192 1369 377 1460 redierint,
404 1367 616 1446 odendmes
642 1381 774 1468 patrum
811 1381 846 1444 ei
879 1381 1022 1444 mntmm
1059 1373 1135 1445 sine
1174 1369 1342 1444 elusione
1380 1372 1570 1464 sangoinis,

190 1473 395 1566 penitentias
422 1469 548 1544 oblitas
574 1469 723 1544 simale
749 1471 870 1561 incisa,
895 1474 1196 1566 transgressiones
1223 1468 1301 1542 idai
1333 1480 1369 1543 ei
1392 1473 1569 1544 iuramen-

190 1581 298 1644 iornm
325 1568 455 1665 absquo
552 1569 687 1646 italihns
719 1569 946 1668 pauitantibus
987 1581 1068 1645 ocio
1102 1569 1176 1644 diss
1216 1591 1362 1644 carmos
1402 1577 1437 1642 ei
1468 1589 1569 1642 unum

188 1669 1172 1868 miiiiiisiiiitiiinii‘imii
1187 1667 1570 1864 inditiis

188 1871 316 1960 halem,
340 1873 385 1942 iio
411 1880 447 1944 ui
472 1869 641 1944 dimidium
677 1893 854 1946 camennm
894 1882 975 1946 onie
1005 1873 1213 1946 nnbmtntem
1252 1868 1378 1942 domini
1412 1866 1569 1942 siniensi

187 1969 349 2044 indomo
376 1975 515 2068 proprie
540 1974 719 2062 ieinnnre,
757 1969 954 2046 muhsribns
980 1992 1138 2068 quoque,
1171 1992 1237 2065 qne
1271 1992 1341 2044 non
1378 1967 1568 2064 hupiirnios

186 2071 272 2170 apud
299 2093 344 2144 se*
364 2091 492 2166 pneros
518 2075 733 2160 inuenerunt,
759 2082 841 2146 ocio
865 2071 939 2146 dies
967 2091 1111 2144 camene
1137 2081 1174 2143 ci
1197 2091 1299 2142 nnnm
1316 2091 1438 2142 snurrm
1464 2071 1568 2164 peni-

186 2169 361 2246 tentialem
409 2171 677 2246 misericorditer
712 2171 920 2245 rotamur.
982 2169 1198 2247 lienemhilis
1238 2173 1346 2242 aciem
1388 2178 1487 2264 pater
1527 2190 1570 2240 no

186 2271 342 2346 dominns
383 2282 503 2344 noster
540 2270 817 2368 archiepiscopus
857 2275 1074 2366 moguntinus
1116 2269 1190 2343 diss
1231 2267 1462 2363 qnndreginia.
1525 2267 1570 2340 Et

185 2368 406 2444 honorabiles
430 2371 558 2444 iratres
584 2393 626 2444 oc
650 2371 776 2446 domini
803 2375 922 2468 episoo
946 2375 976 2460 i,
1009 2369 1165 2442 dominus
1199 2369 1462 2441 wormaciensis
1488 2365 1594 2462 epi·¹

187 2493 314 2568 scopus
342 2469 415 2544 dies
440 2470 512 2560 XL,
538 2471 694 2544 dominus
721 2475 888 2567 spirensis
914 2393 989 2541 thes
1015 2469 1087 2560 XL,
1113 2467 1269 2541 dominus
1284 2467 1483 2540 eistetensis
1493 2463 1579 2549 dies
1673 2481 1675 2484 ·

186 2571 258 2662 xi,
284 2571 441 2646 dominus
467 2570 778 2664 nuwenburgensis
805 2570 878 2644 dies
903 2570 975 2660 Xh,
1000 2567 1156 2643 dominus
1178 2565 1477 2660 merseburgensis
1494 2563 1568 2636 dies

185 2671 258 2762 XL,
287 2669 442 2744 dominus
469 2670 766 2744 hildesheimensis
791 2671 865 2745 dies
889 2669 969 2760 XL,
1002 2667 1157 2742 dominns
1185 2663 1568 2740 hoibersinicnsisdies

186 2769 258 2860 XL,
286 2769 441 2844 omnibns
477 2769 630 2865 predicte
666 2769 797 2844 lubrice
832 2769 1111 2846 benefactoribus
1155 2789 1238 2840 uere
1271 2763 1499 2862 penitentibus
1535 2773 1569 2834 et

188 2869 360 2944 confessis
387 2869 430 2941 de
456 2873 614 2945 iniunctis
642 2869 707 2945 sibi
731 2873 925 2965 penitentiis
958 2868 1168 2942 relaxandos
1200 2865 1467 2941 misericorditer
1501 2863 1568 2934 de-

187 2979 381 3042 creuerunt.
433 2969 478 3042 Ei
501 2969 580 3044 inde
604 2991 670 3044 uos
696 2971 921 3044 ecclesiarum
949 2967 1150 3044 secerdotes
1175 2977 1284 3040 testes
1311 2987 1393 3040 esse
1411 2963 1568 3036 uolumus

188 3080 223 3142 et
247 3090 490 3167 responsuros.
542 3067 652 3146 Vobis
677 3079 790 3144 nutem
816 3067 1053 3144 sacerdotibus
1078 3071 1112 3140 in
1147 3066 1215 3140 hoc
1247 3069 1390 3161 negotio
1424 3063 1570 3136 lideliior

188 3167 433 3260 laborantibus,
458 3165 616 3265 quicquid
641 3192 688 3242 ex
713 3179 854 3266 torpore
881 3192 945 3243 sen
969 3167 1182 3262 negligentis
1220 3163 1277 3238 nel
1303 3165 1500 3254 obliuione,
1534 3167 1568 3234 in

187 3268 301 3342 diuino
330 3268 445 3342 cilicio
473 3269 531 3342 uel
557 3273 720 3359 somiein,
745 3273 780 3344 in
805 3271 921 3342 missis
949 3279 984 3342 et
1003 3267 1100 3344 horis
1115 3267 1289 3341 cononicis
1303 3266 1478 3340 nocturnis
1495 3265 1569 3334 siue

187 3369 315 3442 diurnis
342 3372 521 3461 omisistis,
546 3367 815 3444 misericorditer
851 3367 1094 3442 condonemus.
1147 3367 1330 3454 Ceterum,
1366 3368 1395 3438 si
1434 3364 1489 3456 qui
1523 3383 1569 3432 ex

186 3474 303 3566 repinn
330 3472 406 3545 siue
434 3469 524 3542 inrio
550 3469 607 3542 nel
634 3491 750 3558 usura,
776 3469 831 3542 uel
859 3490 994 3563 quoquo
1033 3469 1136 3542 modu
1176 3488 1233 3540 res
1270 3465 1360 3538 mule
1386 3465 1568 3556 acquisitus

187 3591 295 3664 penes
323 3593 363 3643 se
389 3573 541 3646 scienter
566 3572 769 3644 retinuerint
795 3578 830 3639 ei
855 3567 933 3640 inde
958 3589 1022 3664 pro
1048 3589 1245 3664 possesne
1273 3563 1338 3640 deo
1366 3560 1569 3638 satisfecere

186 3671 441 3770 proposuerint,
467 3672 497 3742 si
524 3669 614 3741 loric
640 3691 697 3742 res
736 3669 835 3758 illos,
874 3666 993 3764 quibus
1020 3671 1204 3742 restituere
1244 3663 1391 3740 debeant
1421 3667 1568 3756 ignore·

186 3773 310 3859 uerini,
337 3779 373 3841 ei
398 3767 441 3840 nd
466 3765 753 3844 reediicutionem
782 3765 958 3862 sepedicto
973 3767 1124 3840 ecclesie
1142 3763 1428 3839 inrttnconsilium
1444 3781 1568 3836 secer-

187 3868 302 3942 dotum
329 3891 468 3942 snornnr
495 3891 552 3941 res
594 3868 803 3964 supradictos
840 3871 894 3964 pin
921 3871 1109 3940 intentione
1137 3865 1366 3953 contulerint,
1393 3861 1473 3934 illos
1500 3859 1566 3931 de-

187 3972 357 4044 cessiones
385 3972 586 4044 anctoritate
612 3966 1018 4043 beaiiliilinnininoetrn
1031 3965 1214 4061 siper-noe
1228 3966 1362 4059 penitus
1376 3959 1566 4036 obsoletos.

92 4123 104 4138 .
188 4067 373 4144 Sintuimus
401 4073 522 4160 eciam,
548 4079 582 4140 ei
607 4073 642 4142 in
667 4073 791 4142 uirtute
818 4076 939 4142 nuncin
964 4065 1170 4146 emmonim
1185 4062 1568 4158 histrieicpoeclpimiti,
