3836 4722
348 449 396 550 48
926 453 1145 547 bionnrncnta

340 667 509 767 Ricina,
532 671 735 768 Engclbret
760 669 918 766 Gontrin,
935 669 1081 766 Billuno,
1097 668 1282 763 Godebolt,
1305 669 1508 766 Engelbret,
1525 665 1729 768 lingebant,

341 775 515 866 Heinrich,
539 771 751 870 Regonbart,
778 770 963 862 cadolach,
990 781 1024 844 et
1050 771 1107 843 alii
1134 769 1387 868 quamplures.

352 871 357 878 ’
440 873 544 950 Facta
576 883 655 947 sunt
679 871 742 968 hpc
768 895 857 946 anno
885 871 1051 964 dominice
1085 873 1327 944 incarnationis
1362 867 1407 944 ni.
1436 869 1474 943 0.
1502 867 1610 944 XXX.
1639 865 1728 962 vlt,

340 971 524 1048 indictione
548 973 625 1047 XV.
652 983 819 1070 regnante
845 972 1003 1068 glorioso
1028 969 1261 1048 Romanorum
1286 969 1357 1047 1110·
1387 965 1571 1064 striato,
1605 967 1728 1044 Goele-

341 1073 446 1149 boido
471 1072 601 1148 urbano
628 1076 765 1148 comite.

396 1295 399 1305 .
507 1242 647 1330 sigillam
667 1242 739 1308 obn
759 1247 939 1326 inpressum
958 1246 991 1306 tn
1011 1241 1115 1324 pbnres
1135 1248 1239 1326 partes
1260 1242 1388 1309 bactarn
1409 1247 1469 1308 oet.

944 1693 1130 1774 LXXXIV.

929 1841 1019 1932 Anno
1048 1863 1140 1933 1137.

336 2021 521 2098 Enbricbo
547 2026 730 2121 episcopus
755 2025 868 2098 tutam
893 1987 1093 2098 censualem
1128 2045 1210 2100 esse
1235 2024 1410 2102 acclesiae
1447 2043 1533 2100 snae
1558 2021 1728 2100 talant.

437 2149 477 2224 O.
503 2152 547 2226 Jn
571 2153 710 2226 nornine
735 2161 854 2226 sancte
881 2161 917 2224 et
941 2150 1111 2224 indiuiduo
1130 2153 1301 2226 trinitatis.
1344 2149 1505 2225 Embrtco
1535 2150 1592 2224 dei
1618 2155 1730 2246 gratia

339 2259 457 2325 sancte
482 2251 752 2346 wirzburgensis
780 2251 929 2344 ecclesie
955 2255 1151 2348 episcopus.
1206 2252 1374 2340 Quoniam
1411 2273 1478 2350 qne
1511 2255 1730 2348 intempore

340 2359 517 2445 geruntur,
542 2375 588 2425 ne
613 2351 656 2424 de
682 2352 774 2425 iacffi
799 2351 841 2424 ab
867 2352 1010 2424 bumana
1036 2349 1226 2424 dilabantur
1252 2355 1431 2444 memorie,
1456 2351 1631 2424 literarum
1647 2373 1730 2425 mu-

338 2454 464 2523 nimine
490 2451 628 2546 dignum
654 2451 811 2526 duximus
836 2473 1029 2549 perennare
1056 2471 1108 2540 ea,
1137 2471 1203 2546 que
1229 2456 1358 2526 nostris
1394 2451 1605 2548 temporibus
1639 2456 1731 2528 inste

340 2561 375 2622 et
389 2552 636 2640 rationabiliter
651 2552 777 2624 fuerint
790 2556 952 2642 instituta,
977 2573 1023 2623 ne
1045 2553 1081 2622 in
1105 2560 1281 2646 posterum
1307 2556 1426 2626 ccasio
1451 2551 1666 2647 reiinqnabnr
1688 2573 1731 2626 ea

339 2649 544 2746 infringendi
570 2653 645 2725 sine
670 2649 891 2747 permutandi.
943 2652 995 2723 Ea
1027 2659 1168 2750 propter
1198 2663 1316 2724 notura
1350 2673 1433 2742 asse
1465 2652 1624 2726 uoinmns
1660 2663 1730 2726 aaa

338 2747 555 2846 presentibus
582 2771 681 2847 qnanr
706 2751 808 2823 iutnri
833 2754 890 2824 eni
915 2749 1119 2841 bominibus,
1145 2750 1392 2847 quodquoniam
1414 2751 1540 2828 mulier
1555 2751 1728 2826 consnaiis

340 2849 488 2944 ecclesie
521 2862 642 2926 nestra
673 2855 813 2924 nominc
846 2845 950 2924 bitte
985 2849 1130 2946 singulis
1171 2855 1267 2925 annis
1306 2849 1419 2947 tproad
1457 2855 1541 2924 ninit
1577 2862 1613 2924 et
1649 2861 1730 2947 post

341 2947 468 3023 obitum
503 2953 610 3047 ipsius
645 2955 845 3047 quicunqne
881 2951 941 3024 vai
978 2963 1188 3046 qnemnqne
1223 2955 1333 3024 maior
1368 2961 1449 3024 natu
1483 2955 1518 3026 in
1551 2954 1644 3023 omni
1670 2951 1730 3024 iiia

338 3049 441 3122 itterit
465 3055 687 3147 posteritate,
714 3061 786 3126 tres
812 3050 973 3124 denarios
1000 3051 1043 3124 ad
1068 3051 1177 3122 altare
1204 3055 1313 3124 sancti
1338 3051 1476 3148 Kyliani
1502 3052 1593 3124 sesto
1620 3054 1728 3146 ipsias

337 3167 400 3246 pro
438 3171 546 3224 consu
580 3151 759 3248 persoluat
791 3151 850 3223 nel
883 3171 1003 3224 eornm
1038 3153 1191 3247 praciam
1225 3154 1260 3222 in
1294 3171 1375 3222 cara
1411 3153 1487 3224 sive
1513 3152 1583 3223 lino
1626 3161 1662 3222 et
1688 3148 1730 3222 ab

339 3251 430 3322 omni
455 3252 538 3346 ingo
565 3254 740 3325 seruitutis
764 3273 908 3348 prorsus
946 3255 1012 3323 erit
1044 3253 1190 3322 inmanis
1224 3250 1382 3323 omnibns
1419 3249 1538 3324 dicbus
1573 3253 1642 3342 nita
1668 3271 1730 3346 ana

338 3357 373 3422 et
400 3361 521 3423 cuncta
544 3350 604 3422 iiia
630 3355 817 3447 progenies
851 3360 886 3424 ct
921 3373 941 3424 a
976 3359 1065 3424 stata
1099 3353 1183 3423 iaris
1211 3355 1268 3425 sui
1290 3351 1384 3422 nulia
1409 3370 1566 3445 nrnqaanr
1592 3353 1729 3423 ratione

336 3447 564 3523 humiliabitur
587 3471 654 3523 nec
679 3473 699 3523 a
726 3472 894 3548 quoquam
920 3447 1150 3523 inbeneficiari
1176 3453 1315 3545 poterit
1346 3469 1458 3543 neque
1484 3449 1587 3520 aliurn
1614 3449 1731 3523 adno-

337 3559 448 3622 eatnnr
472 3549 609 3624 babebit
635 3561 752 3648 preter
784 3555 851 3623 iarn
877 3551 957 3623 dicti
983 3551 1100 3623 aitaris
1128 3549 1330 3621 aduocatum
1356 3559 1392 3621 et
1416 3549 1484 3621 boc
1510 3549 1730 3624 solummodo

336 3647 380 3722 ad
404 3647 651 3724 defendendam
687 3661 722 3723 et
753 3650 1012 3748 protegendam.
1064 3651 1149 3723 Post
1184 3647 1311 3720 obitum
1344 3669 1431 3721 acro
1468 3651 1534 3721 iarn
1567 3647 1732 3722 dicarem

334 3769 561 3846 personarum
592 3749 754 3823 uidelicet
789 3773 906 3824 aarum
932 3748 1147 3825 solumnodo
1174 3769 1241 3844 qno
1265 3748 1454 3844 predictum
1489 3769 1632 3849 consum
1658 3771 1731 3822 ex-

336 3847 478 3923 soluere
503 3859 673 3941 tenentur,
699 3847 789 3947 qnod
805 3855 998 3949 preciosius
1016 3849 1194 3922 babnerint
1208 3853 1243 3920 in
1264 3851 1474 3923 uestimento
1500 3853 1667 3922 otcarius
1695 3853 1730 3922 in

334 3969 433 4022 nsum
459 3947 559 4022 cedet
583 3950 735 4024 custodis
763 3951 915 4026 ecclesie
931 3953 1051 4048 ipsius.
1077 3949 1185 4022 Huius
1201 3951 1252 4019 rei
1271 3957 1379 4022 testes
1397 3959 1493 4024 sunt:
1520 3947 1601 4021 Otto
1620 3953 1732 4023 maior

333 4051 542 4145 propositas.
579 4046 675 4124 babo
701 4047 863 4128 decenus.
901 4045 1048 4126 sifridus
1071 4049 1268 4145 propositus
1296 4052 1379 4122 noni
1405 4051 1619 4124 manuscrit.
1651 4049 1732 4123 Go-
