3776 4730
609 491 825 593 episcopatus
854 487 1146 590 wirziburgensis.

761 799 998 878 cccxcviii.

472 1005 561 1070 Anne
587 1001 690 1086 1275,
712 1000 764 1069 31.
787 1003 976 1084 Decembris,
1000 1004 1077 1090 apud
1099 1001 1289 1068 liotinbureb.

188 1187 372 1264 bertoldus
399 1189 653 1294 herbipolensis
665 1193 784 1292 episeo
808 1215 848 1266 us
869 1189 1006 1283 silvam,
1031 1189 1152 1264 dictam
1167 1189 1359 1285 vulgariter
1375 1187 1571 1278 Stritlaehe,

190 1311 288 1386 quam
325 1291 496 1392 lupoldus
536 1295 657 1371 senior
690 1293 733 1366 de
769 1215 1007 1382 lsortenberc,
1045 1289 1232 1388 imperialis
1271 1288 1369 1360 aulae
1404 1291 1572 1384 coquinae

189 1388 617 1486 momentanearum
646 1393 688 1466 ab
715 1393 865 1468 eeclesia
891 1391 986 1465 herbi
1011 1390 1124 1469 elensi
1149 1393 1276 1480 tenuit,
1314 1399 1349 1462 et
1380 1391 1414 1462 in
1452 1407 1571 1462 manus

189 1513 269 1566 suas
295 1493 511 1590 resignavit,
549 1497 733 1570 conventui
761 1413 1065 1568 sanctimoniallum
1104 1497 1139 1564 in
1165 1488 1401 1582 Retinburcb,
1442 1489 1571 1563 ordinis

472 1594 614 1670 fratrum
640 1595 903 1696 predicatorum,
929 1597 963 1670 in
991 1595 1163 1694 proprium
1188 1590 1298 1671 tradit.

286 1759 564 1838 Borhtoldus
603 1763 658 1838 del
696 1767 813 1860 gracia
848 1761 1101 1866 herbipolensis
1137 1767 1331 1868 episcopus.
1384 1759 1573 1834 Pastoralis

190 1859 292 1937 efficii
317 1873 399 1936 tunc
424 1867 489 1962 pils
516 1863 707 1945 actionibus
731 1868 972 1964 prosequimur
997 1871 1267 1952 sacramentum,
1295 1861 1372 1944 dum
1398 1859 1574 1956 indigente

188 1961 327 2036 Gbristo
355 1965 565 2038 militantium
593 1963 742 2040 subsidia
782 1965 961 2039 commode
999 1965 1228 2062 porrigimus,
1264 1971 1301 2035 ut
1342 1973 1376 2034 et
1409 1965 1475 2058 ipsi
1508 1981 1576 2056 por

187 2085 253 2134 nos
282 2085 396 2136 rerum
421 2065 659 2166 temporalium
686 2065 852 2142 beneficia
879 2069 1071 2142 sarciantur
1108 2075 1143 2138 at
1167 2087 1232 2139 nos
1260 2061 1347 2160 apud
1373 2061 1576 2141 altissimum

188 2185 330 2240 suarum
353 2169 551 2240 oracionem
578 2167 748 2264 suffragiis
776 2167 982 2243 adiuuemur.
1034 2165 1122 2238 llinc
1148 2175 1214 2255 est,
1241 2163 1330 2260 quod
1357 2161 1397 2235 ad
1414 2165 1575 2235 noticiam

188 2267 431 2342 uniuersorum
458 2269 712 2340 transmittimus
739 2289 801 2364 per
826 2277 1028 2366 presentes,
1055 2263 1145 2360 quod
1169 2285 1235 2338 nos
1262 2263 1304 2336 ad
1329 2261 1488 2335 deuotam
1514 2265 1575 2334 lu-

189 2368 346 2441 stantiam
374 2420 409 2438 ..
437 2369 605 2466 priorisse
633 2377 667 2438 et
693 2375 883 2442 conuentus
900 2363 1206 2442 sanctimonialium
1232 2367 1267 2434 in
1283 2359 1576 2454 Rotinburclr,

190 2463 320 2542 ordinis
346 2466 487 2540 fratrum
513 2463 776 2567 predicatorum,
804 2465 923 2538 siluam
952 2463 1073 2538 dictam
1098 2463 1289 2564 vulgariter
1309 2460 1576 2553 Stritlache,

189 2567 275 2638 citra
302 2569 543 2667 quinquaginta
569 2569 690 2665 iugera
723 2562 928 2656 habentem,
969 2585 1067 2662 quam
1108 2561 1340 2667 vaoldus
1378 2565 1498 2644 senior
1531 2559 1575 2634 de

189 2663 486 2758 Nortenberc,
512 2665 700 2764 imperialis
723 2667 800 2741 aule
820 2669 966 2762 coquina
983 2664 1160 2762 magister,
1183 2667 1259 2736 iure
1277 2659 1404 2736 leodali
1420 2685 1440 2733 a
1456 2669 1576 2734 nosba

189 2769 297 2844 tenuit
324 2766 474 2840 ecelesia
503 2778 537 2838 ct
563 2767 767 2844 adnostros
795 2789 913 2850 manus
931 2767 1133 2862 resignarit,
1159 2774 1196 2836 vt
1212 2761 1322 2836 eidem
1338 2759 1575 2844 conlmremus

191 2870 386 2956 conuentui,
413 2865 555 2966 prelatis
579 2869 749 2970 priorisse
775 2878 809 2942 et
836 2864 1148 2942 sanctimonialibus
1176 2859 1355 2955 dedimus,
1377 2860 1576 2946 tradidimus

189 2969 226 3038 iu
250 2969 424 3069 proprium
451 2979 486 3041 et
512 2970 545 3039 in
572 2965 637 3043 hiis
664 2969 800 3064 scriptis
827 2967 988 3040 tradimus
1016 2977 1117 3070 atque
1154 2963 1271 3038 damus
1309 2965 1382 3036 iure
1408 2971 1575 3067 perpetuo

191 3067 446 3164 possidendam.
496 3067 540 3140 Et
564 3089 609 3140 ne
636 3089 740 3168 super
764 3063 828 3139 hac
852 3067 1040 3140 tradicione
1078 3067 1188 3164 aliqua
1226 3066 1277 3138 eis
1304 3061 1460 3144 dubietas
1483 3060 1576 3144 ,sub-

193 3169 277 3240 eriri
304 3165 420 3241 valeat
446 3165 505 3239 vol
532 3189 717 3262 grauamen
743 3179 924 3270 presentes
957 3164 1089 3242 litteras
1121 3167 1206 3264 ipsis
1225 3161 1441 3240 'donaoimus
1468 3162 1576 3258 sigilli

192 3271 303 3342 nostri
328 3269 510 3342 munimine
536 3271 759 3344 communitas.
812 3261 935 3348 Datum
968 3263 1055 3367 apud
1079 3265 1290 3349 Rotiuburch
1324 3284 1413 3363 anno
1448 3261 1575 3347 domiui

192 3365 435 3461 nectant,
462 3367 516 3440 die
542 3369 651 3444 saneti
679 3367 839 3446 Siluestri
863 3391 961 3469 pape.

402 3567 540 3662 Sigillum
561 3571 660 3656 periit.
