3774 4728
919 461 1138 554 bionumenta

953 657 1111 732 eccilli.

647 829 735 893 Arnum
765 825 865 907 tario,
889 847 993 892 mense
1015 829 1131 912 llartio,
1154 827 1232 912 apnrd
1256 827 1444 910 babenberg.

336 1014 516 1104 Heinricus
541 1015 837 1110 babenbergensis
873 1019 1055 1112 episcopus
1094 1015 1327 1112 herbipolensi
1363 1018 1527 1112 episcopo
1561 1011 1721 1086 concedit

335 1116 530 1205 facultatem
557 1116 746 1190 redimendi
772 1115 987 1190 advocatiam
1013 1117 1265 1192 iberesicnsem
1292 1111 1718 1204 aWollramodeZabel-

486 1221 587 1312 stein,
614 1220 701 1310 sicut
728 1226 762 1288 et
786 1215 876 1292 bona
900 1216 1077 1290 Friderico
1104 1216 1147 1290 de
1173 1217 1383 1292 Rubcnoclre
1410 1215 1572 1312 obligata.

461 1361 523 1426 Nos
555 1360 766 1426 Heinricus
807 1362 854 1426 dei
887 1367 985 1448 gratm
1015 1361 1274 1447 babenbergensis
1307 1369 1467 1446 episcopus
1502 1379 1559 1444 per
1589 1377 1719 1443 presens

335 1452 477 1528 scriptum
501 1454 603 1510 notum
625 1448 750 1512 iacimus
774 1453 940 1529 uniuersis,
975 1449 1145 1532 quodcum
1173 1448 1329 1512 aduocatia
1351 1448 1612 1514 tharisiensis
1635 1455 1720 1514 esset

334 1531 585 1596 ll'olt'rammo
608 1533 646 1596 de
668 1533 896 1598 Zabelstein
918 1535 1050 1619 obligata
1071 1554 1126 1616 pro
1150 1542 1269 1598 centum
1293 1525 1400 1600 ma'rcis
1417 1554 1450 1598 ar
1473 1538 1532 1597 enti
1555 1540 1585 1595 et
1599 1537 1718 1617 triginta

334 1615 416 1680 libris
439 1617 698 1704 babenbergensis
720 1627 862 1701 monete,
896 1638 952 1683 nos
975 1620 1189 1700 adtendentes,
1217 1617 1297 1702 quod
1327 1619 1423 1686 dictus
1491 1618 1718 1683 ollrammus

334 1703 441 1766 dictam
454 1705 614 1770 ecclesiam
625 1705 762 1770 indebitis
775 1705 980 1770 exactionibus
994 1713 1023 1769 et
1031 1705 1254 1771 extorsionibus
1267 1703 1459 1792 adgrauabat,
1473 1723 1531 1768 nos
1543 1703 1582 1767 de
1592 1705 1718 1768 consilio

333 1789 464 1852 iidclium
486 1797 655 1855 nostrorum
678 1791 814 1856 dedimus
837 1797 1041 1856 auctoritatem
1063 1792 1184 1856 domino
1207 1797 1350 1876 episcopo
1378 1792 1582 1874 herbipolensi
1608 1787 1717 1854 dicum

333 1873 520 1942 aduocatiam
541 1877 719 1959 redimendi,
739 1884 780 1944 itu
806 1878 886 1960 quod
908 1877 1159 1960 quandocumque
1180 1883 1274 1960 ipsam
1296 1886 1454 1962 pecrmiam
1467 1876 1541 1942 dare
1551 1881 1717 1959 poterimus

334 1961 518 2044 sepedictam
540 1962 725 2028 aduocatiam
753 1964 839 2030 nobis
865 1970 1026 2030 restituere
1059 1972 1202 2037 teneatur.
1246 1964 1389 2030 Preterea
1417 1965 1516 2048 placet
1547 1961 1653 2044 nobis,
1684 1969 1718 2026 ut

333 2045 430 2110 treus
453 2053 613 2132 episcopus
636 2048 763 2114 redimat
784 2049 862 2114 bona
885 2057 998 2130 nostra,
1021 2051 1224 2114 Fridorico
1246 2051 1284 2114 dc
1306 2049 1522 2116 lluhcneke
1543 2067 1599 2132 pro
1622 2053 1714 2132 quin-

333 2137 477 2218 quaginta
499 2134 581 2198 libris
604 2135 861 2221 babenbergensis
884 2144 1004 2200 monete
1028 2133 1175 2221 obligata,
1205 2137 1241 2200 ad
1264 2137 1391 2202 eandem
1413 2137 1592 2222 pertinentia
1615 2135 1715 2201 aduo-

334 2223 448 2282 catiam.
493 2219 527 2284 ln
557 2227 642 2286 cuius
677 2226 724 2286 rei
744 2227 947 2288 testimonium
1000 2239 1107 2288 rescns
1142 2226 1283 2306 scriptum
1315 2223 1380 2286 bcri
1416 2231 1446 2287 at
1478 2221 1577 2306 sigillo
1612 2228 1717 2287 nostro

328 2306 473 2390 jussimus
496 2313 678 2372 communiri.
721 2307 829 2373 Datum
844 2307 923 2392 apud
936 2241 1131 2373 Babanherch
1152 2325 1230 2372 anno
1253 2307 1362 2372 domini
1384 2305 1584 2390 ll⁰·GG··L··,
1609 2313 1717 2372 octaua

331 2392 502 2476 indictione,
525 2411 631 2460 mense
652 2393 768 2478 llartlo,
790 2395 977 2480 pontificatus
999 2401 1093 2460 nostri
1117 2413 1195 2459 anno
1216 2393 1273 2456 Vlt-

544 2567 682 2656 Sigllbrm
702 2566 829 2634 fractum
849 2566 1006 2653 appendet.
1156 2559 1163 2568 ”

542 2654 661 2720 lldibrm
681 2659 712 2719 in
735 2653 885 2726 Schonnat
906 2654 1040 2720 Vindem.
1063 2653 1139 2721 liter.
1163 2651 1231 2718 coll.
1254 2651 1279 2718 ll
1300 2671 1328 2736 p.
1356 2647 1414 2716 123
1437 2651 1487 2716 Nr.
1509 2647 1586 2716 xix.

933 2948 1106 3028 GGGVHI.

690 3139 777 3206 Anno
803 3135 904 3222 1250,
930 3138 977 3204 10.
1000 3141 1141 3227 Augusti,
1163 3137 1352 3204 Wircebure.

332 3308 545 3387 llermannus
570 3309 823 3412 herbipolensis
850 3317 1046 3412 episeopus,
1072 3317 1127 3411 qtti
1152 3311 1303 3387 redditus
1331 3312 1527 3407 assignatos
1554 3331 1711 3386 venera-

331 3412 391 3486 bili
417 3413 592 3506 dominae,
629 3419 744 3490 sorori
777 3415 957 3490 Adelheidi
984 3415 1026 3487 de
1052 3413 1270 3506 Hiltenburc,
1309 3415 1588 3506 consanguineae
1614 3435 1713 3504 suae,

330 3537 393 3611 pro
419 3515 514 3588 villis
542 3515 716 3590 Stocbeim
743 3527 777 3591 et
803 3515 987 3606 Quicnvelt
1024 3515 1065 3588 ab
1104 3521 1177 3614 ipsa
1213 3516 1424 3612 recuperatis
1462 3517 1712 3605 immutaverat,

332 3616 443 3692 eidam
467 3615 571 3692 villas
597 3617 786 3694 Hoelubaim
813 3629 847 3692 et
873 3617 1062 3692 Vnenheim
1090 3621 1255 3714 assignat,
1283 3620 1312 3692 si
1339 3613 1505 3690 debonis
1532 3613 1710 3690 destinatis

855 3719 1024 3792 delectum
1048 3717 1201 3792 haberet.

429 3873 705 3948 Hermannus
746 3873 801 3946 dei
838 3877 948 3968 gratia
988 3873 1240 3972 herbipolensis
1286 3872 1479 3968 episcopus.
1547 3867 1709 3945 Omnibus

329 3995 475 4071 presens
501 3979 663 4073 scriptum
687 3972 893 4048 intuentibus
917 3975 1075 4048 uolumus
1101 3997 1183 4048 esse
1208 3981 1345 4062 rantum,
1380 3971 1470 4067 quod
1504 3991 1566 4067 pro
1599 3991 1709 4046 recn-

329 4074 488 4174 perandis
514 4078 658 4171 antiquis
693 4075 844 4150 ecclesie
869 4085 989 4151 nostre
1022 4076 1147 4170 bonis,
1185 4074 1279 4150 villis
1315 4073 1449 4150 scilicet
1476 4071 1709 4145 Stocbaim
