3836 4722
348 433 396 509 id
926 427 1145 503 Monumenta

347 629 418 707 fato
446 629 597 724 collegio
624 627 666 700 ad
692 625 884 700 oblationes
910 649 973 724 pro
998 624 1151 698 remedio
1178 627 1290 698 amma
1315 634 1435 700 nostre
1473 635 1509 698 ct
1532 625 1727 722 predeces-

349 738 676 826 sorumnostrorom
692 730 932 823 episcoporum
950 724 1111 798 uidelicet
1127 727 1321 821 quotannis,
1347 724 1424 798 dum
1434 735 1610 820 superstes
1623 736 1733 818 asset,

349 829 455 906 daret.
506 829 690 922 Postquam
724 849 810 900 uero
835 824 1007 922 predictus
1032 823 1251 898 Eberhardus
1289 827 1379 896 uiam
1416 827 1579 899 uniuersa
1617 828 1732 898 carnis

346 929 601 1024 ingrederetur,
625 923 829 1000 beneficium
855 927 967 996 etius
992 923 1086 996 hundi
1112 935 1147 996 ct
1173 944 1309 997 omnem
1334 923 1618 1018 gubernationem
1643 947 1731 1020 pre-v

346 1028 416 1103 late
441 1027 622 1124 parrochie
649 1025 801 1118 collegio
830 1027 1106 1118 supranominato
1132 1026 1394 1120 inperpetuum
1420 1023 1647 1114 contulimus,
1683 1026 1733 1098 ita

346 1128 529 1218 uidelicet,
565 1124 655 1221 quod
680 1145 817 1220 semper
843 1122 992 1196 decanus
1019 1145 1095 1196 cum
1121 1121 1252 1197 duobus
1279 1119 1439 1196 iratribus
1466 1126 1538 1196 suis
1565 1126 1731 1220 superio-

346 1227 440 1301 ribus
468 1237 503 1300 et
527 1227 638 1318 magis
652 1225 831 1296 autenticis
848 1219 1076 1312 sacerdotem,
1102 1225 1159 1317 qui
1175 1221 1298 1316 dignus
1311 1221 1507 1312 haberetur,
1532 1221 1734 1316 inpredicta

346 1323 528 1424 parrochia
541 1333 699 1420 poneret,
717 1325 773 1416 qui
787 1323 931 1415 singulis
941 1325 1038 1396 annis
1049 1320 1125 1394 dom
1137 1325 1335 1394 sineremus
1349 1319 1447 1394 indie
1457 1324 1731 1398 consecrationis

345 1436 467 1502 nostre
502 1423 568 1495 duo
609 1421 737 1493 talenta
772 1421 1065 1516 wirzeburgensis
1102 1431 1241 1494 monete
1281 1423 1545 1515 congregationi
1577 1419 1732 1516 predicte

371 1524 576 1610 ersolueret
602 1530 682 1617 post
706 1517 832 1592 obitum
858 1541 944 1591 uero
969 1530 1125 1593 nostrum
1151 1520 1308 1593 similiter
1334 1519 1400 1592 duo
1416 1519 1544 1592 talenta
1568 1519 1731 1615 predictis

345 1547 520 1711 {ratribus
547 1631 582 1692 et
606 1641 713 1715 panes
729 1618 787 1690 Vl.
813 1617 1004 1690 modiorum
1024 1622 1234 1692 triticeomm
1259 1624 1295 1694 in
1309 1621 1532 1694 elemosinam
1545 1641 1733 1715 pauperum

346 1723 608 1817 inperpetuum
634 1721 838 1813 quotannis
878 1721 913 1789 in
952 1717 1007 1789 die
1033 1721 1280 1812 anniuersarii,
1318 1729 1353 1791 et
1385 1717 1453 1790 hoo
1483 1719 1575 1791 iacto
1613 1727 1732 1790 cetera

347 1823 461 1892 omnia
485 1817 618 1914 prefate
644 1816 825 1913 parrochie
850 1819 1055 1912 pertinentia
1080 1821 1197 1889 tamin
1216 1817 1356 1890 decimis
1383 1839 1480 1912 quam
1506 1821 1541 1890 in
1559 1815 1730 1890 dotalibus

345 1921 475 1993 mansis
503 1928 538 1989 et
563 1915 793 1990 oblationibus
817 1915 929 2001 libere
955 1915 1021 1988 sihi
1036 1915 1245 1988 nendicaret.
1297 1916 1481 1989 Statuimus
1501 1919 1616 2008 etiam,
1639 1915 1732 2011 quod

347 2021 378 2092 si
404 2019 553 2091 decanus
579 2016 637 2088 uel
662 2019 772 2112 ipsum
797 2015 983 2108 collegium
1008 2013 1098 2086 beati
1124 2014 1272 2110 llpliani,
1300 2015 1390 2110 quod
1415 2037 1433 2086 a
1454 2014 1555 2089 nohis
1570 2025 1731 2089 statutum

346 2127 413 2206 cst,
439 2117 539 2188 aliter
564 2137 663 2210 quam
689 2119 724 2187 in
749 2119 903 2210 presenti
941 2125 1036 2185 carta
1060 2117 1265 2206 continetur,
1290 2119 1516 2205 immutarent,
1549 2113 1731 2210 parrochia

215 2256 219 2265 ·
346 2237 423 2287 curn
448 2219 585 2309 integro
611 2217 687 2287 iure
710 2217 745 2286 in
770 2222 975 2308 potestatem
992 2215 1146 2308 episcopi
1156 2213 1297 2304 rediret,
1322 2218 1369 2286 ita
1395 2213 1485 2309 quod
1510 2217 1585 2308 ipse
1602 2235 1731 2288 sacer-

346 2313 475 2404 dotem,
501 2317 556 2385 cui
582 2335 658 2385 eam
684 2311 903 2400 concederet,
931 2309 1124 2384 oblationes
1151 2334 1253 2407 supra
1280 2313 1475 2407 designatas
1502 2315 1591 2397 sicut
1617 2335 1730 2408 supe-

344 2417 416 2487 rius
443 2411 567 2486 dictum
594 2422 668 2502 est,
705 2415 741 2484 in
774 2419 975 2506 perpetuum
1010 2409 1214 2506 persoluere
1248 2412 1389 2485 faceret.
1442 2413 1488 2483 Vt
1524 2416 1629 2506 igitur
1662 2411 1732 2486 hoc

342 2509 545 2586 heneficium
569 2513 690 2584 intuitu
708 2509 821 2582 diuina
836 2509 1121 2581 remunerationis
1138 2513 1355 2584 sanctissimo
1372 2511 1524 2606 collegio
1538 2509 1731 2584 beatissimi

341 2611 481 2708 llyliani
507 2609 669 2682 collatum
701 2613 737 2681 in
763 2629 866 2680 omne
899 2628 999 2678 enum
1026 2605 1148 2680 stabile
1174 2621 1209 2682 et
1233 2610 1473 2684 inconuulsum
1498 2619 1730 2707 permaneret,

343 2711 434 2806 quod
458 2710 585 2783 lactum
609 2719 676 2797 est,
702 2705 886 2802 priuilegio
913 2709 1083 2800 presentis
1100 2711 1217 2804 scripti
1232 2708 1504 2784 confirmauimus
1530 2721 1566 2784 et
1587 2713 1621 2782 ei
1638 2732 1729 2783 anc-

343 2814 514 2882 toritatem
540 2808 769 2902 inpressionis
796 2803 902 2898 sigilli
925 2809 1037 2880 nostri
1063 2804 1226 2882 dedimus.
1279 2810 1318 2882 Si
1342 2813 1417 2906 (puis
1441 2813 1565 2904 igitur,
1591 2809 1731 2903 quoda

342 2906 443 2982 nobis
468 2905 717 2982 rationabiliter
742 2914 901 2979 stamtum
928 2914 1004 2994 cst,
1043 2909 1079 2978 in
1104 2917 1280 3001 posterum
1305 2907 1496 3004 infringere
1534 2909 1592 2982 uel
1624 2907 1728 2982 inhr-

342 3027 438 3080 mare
462 3009 728 3103 presumpserit,
754 3002 931 3078 anathema
957 3006 1012 3082 sit.
1062 3005 1170 3080 Huius
1204 3011 1257 3082 rei
1284 3018 1394 3082 testes
1419 3019 1517 3082 sunt:
1553 3007 1729 3084 lleroldus

340 3109 551 3203 prepositus,
576 3104 795 3200 Burghardus
812 3103 975 3194 decanus,
999 3103 1191 3197 Ricbolbrs,
1215 3107 1477 3202 Regenbardus,
1500 3105 1727 3184 Vollmandos

342 3215 474 3297 custos,
493 3204 685 3303 Sygelous,
703 3203 880 3278 Conradus
896 3207 1104 3299 prepositus,
1120 3203 1327 3302 Sygeiridns
1339 3211 1549 3304 prepositus,
1562 3207 1729 3299 Perseus,

340 3304 538 3399 Romalius,
564 3303 773 3378 Gotciridns.
824 3303 940 3375 haici:
975 3303 1147 3399 Rupertus
1185 3304 1228 3379 de
1262 3307 1402 3382 Castola
1441 3316 1477 3378 et
1507 3305 1634 3380 fratres
1674 3309 1730 3383 sui

340 3405 532 3481 Hermanns
559 3415 594 3478 et
618 3403 841 3492 Adelhertns,
865 3402 1093 3496 blancgcldus
1120 3403 1163 3478 de
1190 3405 1387 3496 Tuncdorf,
1411 3403 1591 3498 Billungus
1618 3408 1726 3480 vicc-

341 3503 520 3596 dcminus,
559 3505 740 3578 Heinricus
766 3501 958 3591 scultetus,
997 3501 1175 3598 Billungus
1202 3505 1392 3595 scultetus,
1425 3503 1657 3599 ingelbertus
1692 3515 1730 3578 et

341 3605 465 3680 iratres
491 3607 567 3677 eius
594 3600 805 3676 Gcteholdus
832 3611 867 3674 et
893 3600 1100 3674 Gotelridus.
1152 3603 1242 3676 Acta
1275 3603 1445 3676 dominice
1479 3607 1727 3680 incarnationis

342 3727 431 3778 mino
457 3702 517 3776 ΜΟ·
554 3701 607 3774 0⁰·
641 3699 771 3790 tvnt,
796 3699 980 3774 indictione
991 3699 1063 3791 Vl,
1088 3713 1256 3794 regnante
1271 3704 1504 3776 Romanorum
1516 3706 1727 3799 imperatore

340 3802 530 3892 Friderico,
555 3801 721 3876 Bertcldo
748 3803 919 3874 existente
944 3800 1077 3874 urbano
1105 3803 1240 3876 comite.

550 3995 598 4064 lix
617 3997 695 4062 libro
718 3999 825 4080 coplali
845 3999 1036 4082 Bebenburg.
1151 4039 1156 4052 -
