<?xml version="1.0" encoding="UTF-8"?>
<!DOCTYPE html PUBLIC "-//W3C//DTD XHTML 1.0 Transitional//EN"
    "http://www.w3.org/TR/xhtml1/DTD/xhtml1-transitional.dtd">
<html xmlns="http://www.w3.org/1999/xhtml" xml:lang="en" lang="en">
 <head>
  <title>
</title>
<meta http-equiv="Content-Type" content="text/html;charset=utf-8" />
  <meta name='ocr-system' content='tesseract 3.04.00' />
  <meta name='ocr-capabilities' content='ocr_page ocr_carea ocr_par ocr_line ocrx_word'/>
</head>
<body>
  <div class='ocr_page' id='page_1' title='image "./monumentaboica00karagoog_0585.png"; bbox 0 0 3838 4728; ppageno 0'>
   <div class='ocr_carea' id='block_1_1' title="bbox 653 471 1611 581">
    <p class='ocr_par' dir='ltr' id='par_1_1' title="bbox 653 471 1611 581">
     <span class='ocr_line' id='line_1_1' title="bbox 653 471 1611 581; baseline -0.004 -26"><span class='ocrx_word' id='word_1_1' title='bbox 653 477 872 581; x_wconf 77' lang='lat' dir='ltr'><strong>episcopatos</strong></span> <span class='ocrx_word' id='word_1_2' title='bbox 896 471 1191 577; x_wconf 71' lang='lat' dir='ltr'><strong>numburgensis.</strong></span> <span class='ocrx_word' id='word_1_3' title='bbox 1538 475 1611 552; x_wconf 79' lang='lat' dir='ltr'><strong>ute</strong></span> 
     </span>
    </p>
   </div>
   <div class='ocr_carea' id='block_1_2' title="bbox 226 673 1684 1389">
    <p class='ocr_par' dir='ltr' id='par_1_2' title="bbox 226 673 1684 1389">
     <span class='ocr_line' id='line_1_2' title="bbox 229 673 1684 776; baseline -0.005 -19"><span class='ocrx_word' id='word_1_4' title='bbox 229 680 292 758; x_wconf 78' lang='lat' dir='ltr'><strong>vel</strong></span> <span class='ocrx_word' id='word_1_5' title='bbox 316 695 544 760; x_wconf 75' lang='lat' dir='ltr'><strong>entoemoree</strong></span> <span class='ocrx_word' id='word_1_6' title='bbox 569 685 680 757; x_wconf 77' lang='lat' dir='ltr'><strong>nostri</strong></span> <span class='ocrx_word' id='word_1_7' title='bbox 705 683 881 758; x_wconf 82' lang='lat' dir='ltr'><strong>voluerint</strong></span> <span class='ocrx_word' id='word_1_8' title='bbox 906 703 1089 775; x_wconf 86' lang='lat' dir='ltr'><strong>renoeme,</strong></span> <span class='ocrx_word' id='word_1_9' title='bbox 1122 677 1389 776; x_wconf 73' lang='lat' dir='ltr'><strong>qualescumque</strong></span> <span class='ocrx_word' id='word_1_10' title='bbox 1412 673 1550 767; x_wconf 86' lang='lat' dir='ltr'><strong>inerint,</strong></span> <span class='ocrx_word' id='word_1_11' title='bbox 1578 686 1615 750; x_wconf 86' lang='lat' dir='ltr'><strong>et</strong></span> <span class='ocrx_word' id='word_1_12' title='bbox 1681 715 1684 722; x_wconf 95' lang='lat'>·</span> 
     </span>
     <span class='ocr_line' id='line_1_3' title="bbox 229 777 1613 882; baseline -0.004 -24"><span class='ocrx_word' id='word_1_13' title='bbox 229 781 272 858; x_wconf 81' lang='lat' dir='ltr'><strong>ab</strong></span> <span class='ocrx_word' id='word_1_14' title='bbox 296 781 445 882; x_wconf 80' lang='lat' dir='ltr'><strong>plebano</strong></span> <span class='ocrx_word' id='word_1_15' title='bbox 469 787 516 858; x_wconf 92' lang='lat' dir='ltr'><strong>in</strong></span> <span class='ocrx_word' id='word_1_16' title='bbox 533 782 809 882; x_wconf 84' lang='lat' dir='ltr'><strong>Siralspuoh</strong></span> <span class='ocrx_word' id='word_1_17' title='bbox 847 784 966 858; x_wconf 86' lang='lat' dir='ltr'><strong>eodem</strong></span> <span class='ocrx_word' id='word_1_18' title='bbox 992 783 1096 876; x_wconf 90' lang='lat' dir='ltr'><strong>bono,</strong></span> <span class='ocrx_word' id='word_1_19' title='bbox 1122 803 1190 878; x_wconf 84' lang='lat' dir='ltr'><strong>qno</strong></span> <span class='ocrx_word' id='word_1_20' title='bbox 1213 777 1383 878; x_wconf 82' lang='lat' dir='ltr'><strong>possidet,</strong></span> <span class='ocrx_word' id='word_1_21' title='bbox 1407 799 1613 852; x_wconf 82' lang='lat' dir='ltr'><strong>reuooumus</strong></span> 
     </span>
     <span class='ocr_line' id='line_1_4' title="bbox 227 878 1613 984; baseline -0.007 -24"><span class='ocrx_word' id='word_1_22' title='bbox 227 907 292 982; x_wconf 80' lang='lat' dir='ltr'><strong>per</strong></span> <span class='ocrx_word' id='word_1_23' title='bbox 314 895 510 984; x_wconf 75' lang='lat' dir='ltr'><strong>presentes.</strong></span> <span class='ocrx_word' id='word_1_24' title='bbox 562 885 732 961; x_wconf 83' lang='lat' dir='ltr'><strong>Volumus</strong></span> <span class='ocrx_word' id='word_1_25' title='bbox 760 889 890 978; x_wconf 85' lang='lat' dir='ltr'><strong>eciam,</strong></span> <span class='ocrx_word' id='word_1_26' title='bbox 924 891 967 958; x_wconf 84' lang='lat' dir='ltr'><strong>&#39;ut</strong></span> <span class='ocrx_word' id='word_1_27' title='bbox 1001 884 1092 958; x_wconf 82' lang='lat' dir='ltr'><strong>idem</strong></span> <span class='ocrx_word' id='word_1_28' title='bbox 1129 881 1300 982; x_wconf 80' lang='lat' dir='ltr'><strong>plebanos</strong></span> <span class='ocrx_word' id='word_1_29' title='bbox 1319 878 1450 953; x_wconf 89' lang='lat' dir='ltr'><strong>nullum</strong></span> <span class='ocrx_word' id='word_1_30' title='bbox 1473 879 1613 976; x_wconf 84' lang='lat' dir='ltr'><strong>inpedi-</strong></span> 
     </span>
     <span class='ocr_line' id='line_1_5' title="bbox 226 977 1684 1086; baseline -0.009 -22"><span class='ocrx_word' id='word_1_31' title='bbox 226 995 378 1064; x_wconf 72' lang='lat' dir='ltr'><strong>meotum</strong></span> <span class='ocrx_word' id='word_1_32' title='bbox 402 987 566 1086; x_wconf 81' lang='lat' dir='ltr'><strong>prediotis</strong></span> <span class='ocrx_word' id='word_1_33' title='bbox 582 986 785 1063; x_wconf 75' lang='lat' dir='ltr'><strong>dominabus</strong></span> <span class='ocrx_word' id='word_1_34' title='bbox 810 987 934 1061; x_wconf 80' lang='lat' dir='ltr'><strong>inierat</strong></span> <span class='ocrx_word' id='word_1_35' title='bbox 959 991 994 1058; x_wconf 94' lang='lat' dir='ltr'><strong>in</strong></span> <span class='ocrx_word' id='word_1_36' title='bbox 1008 985 1140 1061; x_wconf 90' lang='lat' dir='ltr'><strong>eisdem</strong></span> <span class='ocrx_word' id='word_1_37' title='bbox 1165 983 1266 1060; x_wconf 79' lang='lat' dir='ltr'><strong>bonis</strong></span> <span class='ocrx_word' id='word_1_38' title='bbox 1291 977 1485 1058; x_wconf 85' lang='lat' dir='ltr'><strong>verbovel</strong></span> <span class='ocrx_word' id='word_1_39' title='bbox 1509 981 1612 1054; x_wconf 72' lang='lat' dir='ltr'><strong>laem.</strong></span> <span class='ocrx_word' id='word_1_40' title='bbox 1680 1018 1684 1024; x_wconf 93' lang='lat'>·</span> 
     </span>
     <span class='ocr_line' id='line_1_6' title="bbox 227 1081 1613 1186; baseline -0.004 -26"><span class='ocrx_word' id='word_1_41' title='bbox 227 1087 322 1160; x_wconf 81' lang='lat' dir='ltr'><strong>litut</strong></span> <span class='ocrx_word' id='word_1_42' title='bbox 346 1086 413 1162; x_wconf 88' lang='lat' dir='ltr'><strong>hoo</strong></span> <span class='ocrx_word' id='word_1_43' title='bbox 438 1089 646 1165; x_wconf 86' lang='lat' dir='ltr'><strong>inoonoussu</strong></span> <span class='ocrx_word' id='word_1_44' title='bbox 684 1099 894 1180; x_wconf 82' lang='lat' dir='ltr'><strong>ermuneont,</strong></span> <span class='ocrx_word' id='word_1_45' title='bbox 919 1091 1068 1186; x_wconf 75' lang='lat' dir='ltr'><strong>presens</strong></span> <span class='ocrx_word' id='word_1_46' title='bbox 1086 1089 1347 1159; x_wconf 70' lang='lat' dir='ltr'><strong>instrumentum</strong></span> <span class='ocrx_word' id='word_1_47' title='bbox 1376 1081 1484 1176; x_wconf 75' lang='lat' dir='ltr'><strong>sigilli</strong></span> <span class='ocrx_word' id='word_1_48' title='bbox 1501 1082 1613 1156; x_wconf 82' lang='lat' dir='ltr'><strong>nostri</strong></span> 
     </span>
     <span class='ocr_line' id='line_1_7' title="bbox 227 1111 1613 1278; baseline -0.004 -17"><span class='ocrx_word' id='word_1_49' title='bbox 227 1192 413 1262; x_wconf 87' lang='lat' dir='ltr'><strong>munimine</strong></span> <span class='ocrx_word' id='word_1_50' title='bbox 438 1189 598 1264; x_wconf 83' lang='lat' dir='ltr'><strong>duximus</strong></span> <span class='ocrx_word' id='word_1_51' title='bbox 622 1111 862 1264; x_wconf 78' lang='lat' dir='ltr'><strong>roloronelum.</strong></span> <span class='ocrx_word' id='word_1_52' title='bbox 914 1189 1037 1262; x_wconf 81' lang='lat' dir='ltr'><strong>Datum</strong></span> <span class='ocrx_word' id='word_1_53' title='bbox 1067 1209 1158 1261; x_wconf 86' lang='lat' dir='ltr'><strong>anno</strong></span> <span class='ocrx_word' id='word_1_54' title='bbox 1184 1185 1312 1260; x_wconf 82' lang='lat' dir='ltr'><strong>oomni</strong></span> <span class='ocrx_word' id='word_1_55' title='bbox 1336 1181 1613 1278; x_wconf 72' lang='lat' dir='ltr'><strong>mochimi,</strong></span> 
     </span>
     <span class='ocr_line' id='line_1_8' title="bbox 226 1287 1118 1389; baseline 0 -27"><span class='ocrx_word' id='word_1_56' title='bbox 226 1287 315 1362; x_wconf 83' lang='lat' dir='ltr'><strong>laria</strong></span> <span class='ocrx_word' id='word_1_57' title='bbox 339 1291 449 1364; x_wconf 68' lang='lat' dir='ltr'><strong>torua</strong></span> <span class='ocrx_word' id='word_1_58' title='bbox 473 1293 632 1387; x_wconf 83' lang='lat' dir='ltr'><strong>proxima</strong></span> <span class='ocrx_word' id='word_1_59' title='bbox 657 1301 737 1389; x_wconf 82' lang='lat' dir='ltr'><strong>post</strong></span> <span class='ocrx_word' id='word_1_60' title='bbox 762 1290 929 1368; x_wconf 79' lang='lat' dir='ltr'><strong>lobannis</strong></span> <span class='ocrx_word' id='word_1_61' title='bbox 953 1288 1118 1388; x_wconf 80' lang='lat' dir='ltr'><strong>Baptiete.</strong></span> 
     </span>
    </p>
   </div>
   <div class='ocr_carea' id='block_1_3' title="bbox 305 1437 755 1778">
    <p class='ocr_par' dir='ltr' id='par_1_3' title="bbox 305 1437 755 1778">
     <span class='ocr_line' id='line_1_9' title="bbox 305 1437 755 1576; baseline 0 -19"><span class='ocrx_word' id='word_1_62' title='bbox 305 1526 313 1564; x_wconf 59' lang='grc' dir='ltr'><strong>,ι</strong></span> <span class='ocrx_word' id='word_1_63' title='bbox 436 1437 576 1576; x_wconf 71' lang='lat' dir='ltr'><strong>Sigillum</strong></span> <span class='ocrx_word' id='word_1_64' title='bbox 598 1491 755 1576; x_wconf 81' lang='lat' dir='ltr'><strong>appendet</strong></span> 
     </span>
     <span class='ocr_line' id='line_1_10' title="bbox 441 1603 731 1688; baseline 0.01 -19"><span class='ocrx_word' id='word_1_65' title='bbox 441 1605 473 1684; x_wconf 85' lang='lat'><strong>¹)</strong></span> <span class='ocrx_word' id='word_1_66' title='bbox 495 1603 623 1672; x_wconf 68' lang='lat' dir='ltr'><strong>eheu:</strong></span> <span class='ocrx_word' id='word_1_67' title='bbox 645 1609 731 1688; x_wconf 87' lang='lat' dir='ltr'><strong>„et“.</strong></span> 
     </span>
     <span class='ocr_line' id='line_1_11' title="bbox 461 1739 707 1778; baseline 0 0"><span class='ocrx_word' id='word_1_68' title='bbox 461 1739 477 1778; x_wconf 73' lang='grc' dir='ltr'>Ι</span> <span class='ocrx_word' id='word_1_69' title='bbox 703 1771 707 1778; x_wconf 91' lang='grc'><strong><em>,</em></strong></span> 
     </span>
    </p>
   </div>
   <div class='ocr_carea' id='block_1_4' title="bbox 657 2019 1173 2312">
    <p class='ocr_par' dir='ltr' id='par_1_4' title="bbox 657 2019 1173 2312">
     <span class='ocr_line' id='line_1_12' title="bbox 797 2019 1027 2102; baseline -0.013 0"><span class='ocrx_word' id='word_1_70' title='bbox 797 2019 1027 2102; x_wconf 76' lang='lat' dir='ltr'><strong>enimn.</strong></span> 
     </span>
     <span class='ocr_line' id='line_1_13' title="bbox 657 2223 1173 2312; baseline -0.002 -19"><span class='ocrx_word' id='word_1_71' title='bbox 657 2228 749 2294; x_wconf 75' lang='lat' dir='ltr'><strong>Anno</strong></span> <span class='ocrx_word' id='word_1_72' title='bbox 773 2223 878 2310; x_wconf 83' lang='lat'><strong>1285,</strong></span> <span class='ocrx_word' id='word_1_73' title='bbox 902 2223 952 2292; x_wconf 77' lang='lat' dir='ltr'><strong>ie.</strong></span> <span class='ocrx_word' id='word_1_74' title='bbox 977 2225 1173 2312; x_wconf 83' lang='lat' dir='ltr'><strong>Septembris.</strong></span> 
     </span>
    </p>
   </div>
   <div class='ocr_carea' id='block_1_5' title="bbox 223 2411 1610 2510">
    <p class='ocr_par' dir='ltr' id='par_1_5' title="bbox 223 2411 1610 2510">
     <span class='ocr_line' id='line_1_14' title="bbox 223 2411 1610 2510; baseline -0.002 -21"><span class='ocrx_word' id='word_1_75' title='bbox 223 2412 361 2489; x_wconf 81' lang='lat' dir='ltr'><strong>llmlolh</strong></span> <span class='ocrx_word' id='word_1_76' title='bbox 399 2411 576 2492; x_wconf 83' lang='lat' dir='ltr'><strong>euoluetioi</strong></span> <span class='ocrx_word' id='word_1_77' title='bbox 616 2423 653 2487; x_wconf 83' lang='lat' dir='ltr'><strong>et</strong></span> <span class='ocrx_word' id='word_1_78' title='bbox 692 2411 852 2490; x_wconf 81' lang='lat' dir='ltr'><strong>officialis</strong></span> <span class='ocrx_word' id='word_1_79' title='bbox 891 2415 1008 2486; x_wconf 73' lang='lat' dir='ltr'><strong>cunae</strong></span> <span class='ocrx_word' id='word_1_80' title='bbox 1048 2411 1301 2510; x_wconf 84' lang='lat' dir='ltr'><strong>herbipolensis</strong></span> <span class='ocrx_word' id='word_1_81' title='bbox 1337 2412 1610 2506; x_wconf 82' lang='lat' dir='ltr'><strong>instrumentum,</strong></span> 
     </span>
    </p>
   </div>
   <div class='ocr_carea' id='block_1_6' title="bbox 102 2511 1609 2614">
    <p class='ocr_par' dir='ltr' id='par_1_6' title="bbox 102 2511 1609 2614">
     <span class='ocr_line' id='line_1_15' title="bbox 102 2511 1609 2614; baseline -0.003 -23"><span class='ocrx_word' id='word_1_82' title='bbox 102 2551 108 2561; x_wconf 95' lang='lat'>·</span> <span class='ocrx_word' id='word_1_83' title='bbox 223 2515 315 2614; x_wconf 84' lang='lat' dir='ltr'><strong>quod</strong></span> <span class='ocrx_word' id='word_1_84' title='bbox 338 2515 557 2592; x_wconf 83' lang='lat' dir='ltr'><strong>Wolframus</strong></span> <span class='ocrx_word' id='word_1_85' title='bbox 591 2513 857 2590; x_wconf 71' lang='lat' dir='ltr'><strong>talleoneum</strong></span> <span class='ocrx_word' id='word_1_86' title='bbox 892 2525 927 2586; x_wconf 89' lang='lat' dir='ltr'><strong>at</strong></span> <span class='ocrx_word' id='word_1_87' title='bbox 951 2512 1152 2590; x_wconf 82' lang='lat' dir='ltr'><strong>Adelheidie</strong></span> <span class='ocrx_word' id='word_1_88' title='bbox 1188 2535 1280 2586; x_wconf 85' lang='lat' dir='ltr'><strong>uxor</strong></span> <span class='ocrx_word' id='word_1_89' title='bbox 1317 2535 1380 2587; x_wconf 88' lang='lat' dir='ltr'><strong>suo</strong></span> <span class='ocrx_word' id='word_1_90' title='bbox 1413 2511 1609 2588; x_wconf 75' lang='lat' dir='ltr'><strong>honorabili</strong></span> 
     </span>
    </p>
   </div>
   <div class='ocr_carea' id='block_1_7' title="bbox 222 2613 1607 2834">
    <p class='ocr_par' dir='ltr' id='par_1_7' title="bbox 222 2613 1607 2834">
     <span class='ocr_line' id='line_1_16' title="bbox 222 2613 1607 2716; baseline -0.004 -23"><span class='ocrx_word' id='word_1_91' title='bbox 222 2619 314 2694; x_wconf 81' lang='lat' dir='ltr'><strong>riro.</strong></span> <span class='ocrx_word' id='word_1_92' title='bbox 328 2621 495 2716; x_wconf 53' lang='lat' dir='ltr'><strong>monstro</strong></span> <span class='ocrx_word' id='word_1_93' title='bbox 522 2613 696 2714; x_wconf 76' lang='lat' dir='ltr'><strong>Gregorio</strong></span> <span class='ocrx_word' id='word_1_94' title='bbox 731 2613 973 2689; x_wconf 77' lang='lat' dir='ltr'><strong>archidiacono</strong></span> <span class='ocrx_word' id='word_1_95' title='bbox 998 2613 1235 2712; x_wconf 87' lang='lat' dir='ltr'><strong>herbipolensi</strong></span> <span class='ocrx_word' id='word_1_96' title='bbox 1260 2633 1327 2689; x_wconf 85' lang='lat' dir='ltr'><strong>sex</strong></span> <span class='ocrx_word' id='word_1_97' title='bbox 1350 2615 1473 2706; x_wconf 80' lang='lat' dir='ltr'><strong>iugero</strong></span> <span class='ocrx_word' id='word_1_98' title='bbox 1499 2617 1607 2688; x_wconf 85' lang='lat' dir='ltr'><strong>vine-</strong></span> 
     </span>
     <span class='ocr_line' id='line_1_17' title="bbox 230 2713 1394 2834; baseline -0.003 -43"><span class='ocrx_word' id='word_1_99' title='bbox 230 2750 235 2757; x_wconf 96' lang='lat'>·</span> <span class='ocrx_word' id='word_1_100' title='bbox 364 2733 367 2739; x_wconf 87' lang='grc'><strong><em>·</em></strong></span> <span class='ocrx_word' id='word_1_101' title='bbox 444 2739 541 2834; x_wconf 81' lang='lat' dir='ltr'><strong>orum</strong></span> <span class='ocrx_word' id='word_1_102' title='bbox 566 2720 632 2796; x_wconf 84' lang='lat' dir='ltr'><strong>sito</strong></span> <span class='ocrx_word' id='word_1_103' title='bbox 656 2737 767 2816; x_wconf 84' lang='lat' dir='ltr'><strong>prope</strong></span> <span class='ocrx_word' id='word_1_104' title='bbox 791 2715 912 2792; x_wconf 80' lang='lat' dir='ltr'><strong>villam</strong></span> <span class='ocrx_word' id='word_1_105' title='bbox 936 2713 1135 2792; x_wconf 80' lang='lat' dir='ltr'><strong>llotentlori</strong></span> <span class='ocrx_word' id='word_1_106' title='bbox 1155 2713 1394 2790; x_wconf 81' lang='lat' dir='ltr'><strong>vendiderunt.</strong></span> 
     </span>
    </p>
   </div>
   <div class='ocr_carea' id='block_1_8' title="bbox 133 2867 1682 4202">
    <p class='ocr_par' dir='ltr' id='par_1_8' title="bbox 133 2867 1682 4202">
     <span class='ocr_line' id='line_1_18' title="bbox 231 2867 1607 2986; baseline 0.001 -28"><span class='ocrx_word' id='word_1_107' title='bbox 231 2867 235 2958; x_wconf 73' lang='lat' dir='ltr'>J</span> <span class='ocrx_word' id='word_1_108' title='bbox 322 2887 348 2966; x_wconf 89' lang='lat' dir='ltr'><strong>l.</strong></span> <span class='ocrx_word' id='word_1_109' title='bbox 375 2913 410 2966; x_wconf 91' lang='lat' dir='ltr'><strong>n.</strong></span> <span class='ocrx_word' id='word_1_110' title='bbox 435 2887 468 2962; x_wconf 83' lang='lat' dir='ltr'><strong>d.</strong></span> <span class='ocrx_word' id='word_1_111' title='bbox 495 2913 527 2963; x_wconf 88' lang='lat' dir='ltr'><strong>a.</strong></span> <span class='ocrx_word' id='word_1_112' title='bbox 578 2887 632 2964; x_wconf 85' lang='lat' dir='ltr'><strong>lle</strong></span> <span class='ocrx_word' id='word_1_113' title='bbox 658 2898 759 2986; x_wconf 81' lang='lat' dir='ltr'><strong>gesta</strong></span> <span class='ocrx_word' id='word_1_114' title='bbox 784 2887 956 2964; x_wconf 88' lang='lat' dir='ltr'><strong>hominnm</strong></span> <span class='ocrx_word' id='word_1_115' title='bbox 992 2887 1178 2964; x_wconf 84' lang='lat' dir='ltr'><strong>oblivionis</strong></span> <span class='ocrx_word' id='word_1_116' title='bbox 1218 2885 1320 2961; x_wconf 76' lang='lat' dir='ltr'><strong>(lenio</strong></span> <span class='ocrx_word' id='word_1_117' title='bbox 1354 2895 1411 2959; x_wconf 84' lang='lat' dir='ltr'><strong>out</strong></span> <span class='ocrx_word' id='word_1_118' title='bbox 1436 2906 1607 2984; x_wconf 83' lang='lat' dir='ltr'><strong>quoquam</strong></span> 
     </span>
     <span class='ocr_line' id='line_1_19' title="bbox 222 2987 1607 3088; baseline -0.002 -23"><span class='ocrx_word' id='word_1_119' title='bbox 222 2990 442 3088; x_wconf 77' lang='lat' dir='ltr'><strong>malignitatis</strong></span> <span class='ocrx_word' id='word_1_120' title='bbox 478 2989 641 3088; x_wconf 85' lang='lat' dir='ltr'><strong>serupulo</strong></span> <span class='ocrx_word' id='word_1_121' title='bbox 677 2993 713 3064; x_wconf 93' lang='lat' dir='ltr'><strong>in</strong></span> <span class='ocrx_word' id='word_1_122' title='bbox 749 3000 927 3087; x_wconf 80' lang='lat' dir='ltr'><strong>posterum</strong></span> <span class='ocrx_word' id='word_1_123' title='bbox 966 2989 1188 3088; x_wconf 82' lang='lat' dir='ltr'><strong>oolompniari</strong></span> <span class='ocrx_word' id='word_1_124' title='bbox 1224 2989 1372 3086; x_wconf 82' lang='lat' dir='ltr'><strong>possint,</strong></span> <span class='ocrx_word' id='word_1_125' title='bbox 1397 2987 1538 3086; x_wconf 85' lang='lat' dir='ltr'><strong>expedit</strong></span> <span class='ocrx_word' id='word_1_126' title='bbox 1563 3011 1607 3062; x_wconf 90' lang='lat' dir='ltr'><strong>oa</strong></span> 
     </span>
     <span class='ocr_line' id='line_1_20' title="bbox 224 3087 1607 3290; baseline -0.003 -24"><span class='ocrx_word' id='word_1_127' title='bbox 224 3102 690 3270; x_wconf 62' lang='lat' dir='ltr'><strong>litittuirittt</strong></span> <span class='ocrx_word' id='word_1_128' title='bbox 703 3087 1607 3290; x_wconf 51' lang='lat' dir='ltr'><strong>„thil”titiustitttttiit:hi]</strong></span> 
     </span>
     <span class='ocr_line' id='line_1_21' title="bbox 223 3291 1607 3392; baseline -0.004 -24"><span class='ocrx_word' id='word_1_129' title='bbox 223 3305 291 3368; x_wconf 86' lang='lat' dir='ltr'><strong>tum</strong></span> <span class='ocrx_word' id='word_1_130' title='bbox 317 3298 541 3392; x_wconf 81' lang='lat' dir='ltr'><strong>presentium,</strong></span> <span class='ocrx_word' id='word_1_131' title='bbox 566 3317 665 3389; x_wconf 89' lang='lat' dir='ltr'><strong>quom</strong></span> <span class='ocrx_word' id='word_1_132' title='bbox 689 3293 892 3386; x_wconf 80' lang='lat' dir='ltr'><strong>futurorum,</strong></span> <span class='ocrx_word' id='word_1_133' title='bbox 917 3295 1079 3366; x_wconf 82' lang='lat' dir='ltr'><strong>noticiam</strong></span> <span class='ocrx_word' id='word_1_134' title='bbox 1097 3293 1255 3366; x_wconf 89' lang='lat' dir='ltr'><strong>uolumus</strong></span> <span class='ocrx_word' id='word_1_135' title='bbox 1281 3293 1464 3390; x_wconf 87' lang='lat' dir='ltr'><strong>peruenire</strong></span> <span class='ocrx_word' id='word_1_136' title='bbox 1489 3291 1607 3364; x_wconf 86' lang='lat' dir='ltr'><strong>harum</strong></span> 
     </span>
     <span class='ocr_line' id='line_1_22' title="bbox 224 3393 1606 3492; baseline -0.004 -22"><span class='ocrx_word' id='word_1_137' title='bbox 224 3399 318 3471; x_wconf 87' lang='lat' dir='ltr'><strong>serie</strong></span> <span class='ocrx_word' id='word_1_138' title='bbox 344 3397 545 3490; x_wconf 81' lang='lat' dir='ltr'><strong>litterarum,</strong></span> <span class='ocrx_word' id='word_1_139' title='bbox 571 3393 660 3490; x_wconf 86' lang='lat' dir='ltr'><strong>quod</strong></span> <span class='ocrx_word' id='word_1_140' title='bbox 686 3397 722 3468; x_wconf 92' lang='lat' dir='ltr'><strong>in</strong></span> <span class='ocrx_word' id='word_1_141' title='bbox 746 3405 866 3470; x_wconf 86' lang='lat' dir='ltr'><strong>nostro</strong></span> <span class='ocrx_word' id='word_1_142' title='bbox 900 3404 938 3466; x_wconf 88' lang='lat' dir='ltr'><strong>et</strong></span> <span class='ocrx_word' id='word_1_143' title='bbox 969 3393 1264 3492; x_wconf 73' lang='lat' dir='ltr'><strong>infrascriptarum</strong></span> <span class='ocrx_word' id='word_1_144' title='bbox 1290 3393 1427 3466; x_wconf 88' lang='lat' dir='ltr'><strong>testium</strong></span> <span class='ocrx_word' id='word_1_145' title='bbox 1452 3413 1606 3487; x_wconf 83' lang='lat' dir='ltr'><strong>presen-</strong></span> 
     </span>
     <span class='ocr_line' id='line_1_23' title="bbox 225 3489 1608 3584; baseline -0.001 -16"><span class='ocrx_word' id='word_1_146' title='bbox 225 3494 760 3574; x_wconf 85' lang='lat' dir='ltr'><strong>eiooonstitutiWoliromus</strong></span> <span class='ocrx_word' id='word_1_147' title='bbox 786 3494 830 3567; x_wconf 87' lang='lat' dir='ltr'><strong>‹le</strong></span> <span class='ocrx_word' id='word_1_148' title='bbox 854 3493 1113 3569; x_wconf 85' lang='lat' dir='ltr'><strong>Rotendorl</strong></span> <span class='ocrx_word' id='word_1_149' title='bbox 1135 3505 1170 3566; x_wconf 85' lang='lat' dir='ltr'><strong>et</strong></span> <span class='ocrx_word' id='word_1_150' title='bbox 1193 3489 1488 3584; x_wconf 85' lang='lat' dir='ltr'><strong>Adelhoidis,</strong></span> <span class='ocrx_word' id='word_1_151' title='bbox 1514 3513 1608 3566; x_wconf 85' lang='lat' dir='ltr'><strong>vxor</strong></span> 
     </span>
     <span class='ocr_line' id='line_1_24' title="bbox 223 3592 1605 3690; baseline -0.005 -18"><span class='ocrx_word' id='word_1_152' title='bbox 223 3619 298 3690; x_wconf 84' lang='lat' dir='ltr'><strong>suu,</strong></span> <span class='ocrx_word' id='word_1_153' title='bbox 335 3619 436 3672; x_wconf 89' lang='lat' dir='ltr'><strong>manu</strong></span> <span class='ocrx_word' id='word_1_154' title='bbox 462 3596 651 3670; x_wconf 80' lang='lat' dir='ltr'><strong>coadunato</strong></span> <span class='ocrx_word' id='word_1_155' title='bbox 678 3605 714 3668; x_wconf 86' lang='lat' dir='ltr'><strong>et</strong></span> <span class='ocrx_word' id='word_1_156' title='bbox 738 3597 890 3670; x_wconf 74' lang='lat' dir='ltr'><strong>monimi</strong></span> <span class='ocrx_word' id='word_1_157' title='bbox 915 3594 1160 3672; x_wconf 81' lang='lat' dir='ltr'><strong>(le&#39;oonsensu</strong></span> <span class='ocrx_word' id='word_1_158' title='bbox 1184 3592 1410 3668; x_wconf 87' lang='lat' dir='ltr'><strong>uendiderunt</strong></span> <span class='ocrx_word' id='word_1_159' title='bbox 1433 3602 1468 3664; x_wconf 91' lang='lat' dir='ltr'><strong>et</strong></span> <span class='ocrx_word' id='word_1_160' title='bbox 1493 3592 1605 3666; x_wconf 85' lang='lat' dir='ltr'><strong>trodi-</strong></span> 
     </span>
     <span class='ocr_line' id='line_1_25' title="bbox 225 3693 1604 3792; baseline -0.004 -20"><span class='ocrx_word' id='word_1_161' title='bbox 225 3699 348 3774; x_wconf 84' lang='lat' dir='ltr'><strong>‹letoot</strong></span> <span class='ocrx_word' id='word_1_162' title='bbox 371 3697 565 3774; x_wconf 84' lang='lat' dir='ltr'><strong>honorabili</strong></span> <span class='ocrx_word' id='word_1_163' title='bbox 587 3699 679 3788; x_wconf 86' lang='lat' dir='ltr'><strong>viro,</strong></span> <span class='ocrx_word' id='word_1_164' title='bbox 705 3699 871 3790; x_wconf 59' lang='lat' dir='ltr'><strong>memoro</strong></span> <span class='ocrx_word' id='word_1_165' title='bbox 898 3696 1145 3792; x_wconf 77' lang='lat' dir='ltr'><strong>Gregorio,</strong></span> <span class='ocrx_word' id='word_1_166' title='bbox 1171 3695 1411 3770; x_wconf 78' lang='lat' dir='ltr'><strong>archidiacono</strong></span> <span class='ocrx_word' id='word_1_167' title='bbox 1437 3693 1604 3791; x_wconf 87' lang='lat' dir='ltr'><strong>herbipo-</strong></span> 
     </span>
     <span class='ocr_line' id='line_1_26' title="bbox 224 3796 1682 3895; baseline -0.003 -22"><span class='ocrx_word' id='word_1_168' title='bbox 224 3799 315 3876; x_wconf 88' lang='lat' dir='ltr'><strong>lensi</strong></span> <span class='ocrx_word' id='word_1_169' title='bbox 340 3809 397 3872; x_wconf 87' lang='lat' dir='ltr'><strong>out</strong></span> <span class='ocrx_word' id='word_1_170' title='bbox 422 3801 476 3872; x_wconf 88' lang='lat' dir='ltr'><strong>oui</strong></span> <span class='ocrx_word' id='word_1_171' title='bbox 502 3801 578 3895; x_wconf 89' lang='lat' dir='ltr'><strong>ipse</strong></span> <span class='ocrx_word' id='word_1_172' title='bbox 602 3796 862 3872; x_wconf 77' lang='lat' dir='ltr'><strong>archidianonue</strong></span> <span class='ocrx_word' id='word_1_173' title='bbox 889 3799 923 3868; x_wconf 91' lang='lat' dir='ltr'><strong>in</strong></span> <span class='ocrx_word' id='word_1_174' title='bbox 951 3800 1022 3871; x_wconf 84' lang='lat' dir='ltr'><strong>vito</strong></span> <span class='ocrx_word' id='word_1_175' title='bbox 1047 3797 1108 3870; x_wconf 83' lang='lat' dir='ltr'><strong>vel</strong></span> <span class='ocrx_word' id='word_1_176' title='bbox 1122 3800 1157 3870; x_wconf 90' lang='lat' dir='ltr'><strong>in</strong></span> <span class='ocrx_word' id='word_1_177' title='bbox 1180 3807 1292 3876; x_wconf 87' lang='lat' dir='ltr'><strong>morte</strong></span> <span class='ocrx_word' id='word_1_178' title='bbox 1317 3805 1375 3867; x_wconf 86' lang='lat' dir='ltr'><strong>aot</strong></span> <span class='ocrx_word' id='word_1_179' title='bbox 1399 3803 1479 3892; x_wconf 88' lang='lat' dir='ltr'><strong>post</strong></span> <span class='ocrx_word' id='word_1_180' title='bbox 1502 3817 1603 3868; x_wconf 86' lang='lat' dir='ltr'><strong>mor·</strong></span> <span class='ocrx_word' id='word_1_181' title='bbox 1677 3825 1682 3838; x_wconf 94' lang='lat'><strong>·</strong></span> 
     </span>
     <span class='ocr_line' id='line_1_27' title="bbox 133 3897 1604 3993; baseline -0.004 -19"><span class='ocrx_word' id='word_1_182' title='bbox 133 3926 139 3949; x_wconf 86' lang='lat'><strong>·</strong></span> <span class='ocrx_word' id='word_1_183' title='bbox 225 3911 294 3974; x_wconf 89' lang='lat' dir='ltr'><strong>tem</strong></span> <span class='ocrx_word' id='word_1_184' title='bbox 320 3922 415 3976; x_wconf 86' lang='lat' dir='ltr'><strong>eoam</strong></span> <span class='ocrx_word' id='word_1_185' title='bbox 429 3899 572 3990; x_wconf 86' lang='lat' dir='ltr'><strong>donare,</strong></span> <span class='ocrx_word' id='word_1_186' title='bbox 597 3897 751 3972; x_wconf 85' lang='lat' dir='ltr'><strong>vendere</strong></span> <span class='ocrx_word' id='word_1_187' title='bbox 777 3897 836 3970; x_wconf 89' lang='lat' dir='ltr'><strong>uel</strong></span> <span class='ocrx_word' id='word_1_188' title='bbox 862 3897 984 3993; x_wconf 79' lang='lat' dir='ltr'><strong>legore</strong></span> <span class='ocrx_word' id='word_1_189' title='bbox 999 3897 1162 3990; x_wconf 85' lang='lat' dir='ltr'><strong>uoluerit,</strong></span> <span class='ocrx_word' id='word_1_190' title='bbox 1188 3920 1253 3973; x_wconf 82' lang='lat' dir='ltr'><strong>sex</strong></span> <span class='ocrx_word' id='word_1_191' title='bbox 1274 3901 1399 3992; x_wconf 79' lang='lat' dir='ltr'><strong>jugero</strong></span> <span class='ocrx_word' id='word_1_192' title='bbox 1425 3897 1604 3970; x_wconf 83' lang='lat' dir='ltr'><strong>vinearum</strong></span> 
     </span>
     <span class='ocr_line' id='line_1_28' title="bbox 227 3995 1602 4099; baseline -0.001 -23"><span class='ocrx_word' id='word_1_193' title='bbox 227 3995 1602 4099; x_wconf 77' lang='lat' dir='ltr'><strong>sitopropevillomllotendorlinmonte,quivulgoriterDiotheriohes-</strong></span> 
     </span>
     <span class='ocr_line' id='line_1_29' title="bbox 174 4097 1608 4202; baseline 0.001 -26"><span class='ocrx_word' id='word_1_194' title='bbox 174 4106 180 4124; x_wconf 82' lang='grc'><strong>“</strong></span> <span class='ocrx_word' id='word_1_195' title='bbox 225 4103 288 4177; x_wconf 86' lang='lat' dir='ltr'><strong>tal</strong></span> <span class='ocrx_word' id='word_1_196' title='bbox 323 4111 557 4202; x_wconf 80' lang='lat' dir='ltr'><strong>nunoupotur,</strong></span> <span class='ocrx_word' id='word_1_197' title='bbox 595 4103 691 4178; x_wconf 76' lang='lat' dir='ltr'><strong>ouius</strong></span> <span class='ocrx_word' id='word_1_198' title='bbox 723 4098 878 4194; x_wconf 77' lang='lat' dir='ltr'><strong>oonllnpe</strong></span> <span class='ocrx_word' id='word_1_199' title='bbox 913 4109 1010 4177; x_wconf 85' lang='lat' dir='ltr'><strong>eunt:</strong></span> <span class='ocrx_word' id='word_1_200' title='bbox 1052 4121 1178 4180; x_wconf 78' lang='lat' dir='ltr'><strong>tereus</strong></span> <span class='ocrx_word' id='word_1_201' title='bbox 1205 4098 1323 4178; x_wconf 83' lang='lat' dir='ltr'><strong>villum</strong></span> <span class='ocrx_word' id='word_1_202' title='bbox 1348 4097 1608 4178; x_wconf 65' lang='lat' dir='ltr'><strong>hortuloni</strong></span> 
     </span>
    </p>
   </div>
   <div class='ocr_carea' id='block_1_9' title="bbox 0 0 1924 4728">
    <p class='ocr_par' dir='ltr' id='par_1_9' title="bbox 0 0 1924 4728">
     <span class='ocr_line' id='line_1_30' title="bbox 0 0 1924 4728; baseline 0 0"><span class='ocrx_word' id='word_1_203' title='bbox 0 0 1924 4728; x_wconf 95' lang='lat' dir='ltr'><strong> </strong></span> 
     </span>
    </p>
   </div>
  </div>
 </body>
</html>
