<?xml version="1.0" encoding="UTF-8"?>
<!DOCTYPE html PUBLIC "-//W3C//DTD XHTML 1.0 Transitional//EN"
    "http://www.w3.org/TR/xhtml1/DTD/xhtml1-transitional.dtd">
<html xmlns="http://www.w3.org/1999/xhtml" xml:lang="en" lang="en">
 <head>
  <title>
</title>
<meta http-equiv="Content-Type" content="text/html;charset=utf-8" />
  <meta name='ocr-system' content='tesseract 3.04.00' />
  <meta name='ocr-capabilities' content='ocr_page ocr_carea ocr_par ocr_line ocrx_word'/>
</head>
<body>
  <div class='ocr_page' id='page_1' title='image "./monumentaboica00karagoog_0291.png"; bbox 0 0 3768 4728; ppageno 0'>
   <div class='ocr_carea' id='block_1_1' title="bbox 578 437 1114 541">
    <p class='ocr_par' dir='ltr' id='par_1_1' title="bbox 578 437 1114 541">
     <span class='ocr_line' id='line_1_1' title="bbox 578 437 1114 541; baseline 0 -29"><span class='ocrx_word' id='word_1_1' title='bbox 578 441 796 541; x_wconf 84' lang='lat' dir='ltr'><strong>episcopatus</strong></span> <span class='ocrx_word' id='word_1_2' title='bbox 820 437 1114 536; x_wconf 81' lang='lat' dir='ltr'><strong>wirciburgensis.</strong></span> 
     </span>
    </p>
   </div>
   <div class='ocr_carea' id='block_1_2' title="bbox 510 639 1194 899">
    <p class='ocr_par' dir='ltr' id='par_1_2' title="bbox 510 639 1194 899">
     <span class='ocr_line' id='line_1_2' title="bbox 791 639 919 739; baseline -0.008 -27"><span class='ocrx_word' id='word_1_3' title='bbox 791 639 919 739; x_wconf 78' lang='lat' dir='ltr'><strong>QGLV.</strong></span> 
     </span>
     <span class='ocr_line' id='line_1_3' title="bbox 510 805 1194 899; baseline 0.001 -26"><span class='ocrx_word' id='word_1_4' title='bbox 510 809 597 877; x_wconf 77' lang='lat' dir='ltr'><strong>Anno</strong></span> <span class='ocrx_word' id='word_1_5' title='bbox 623 807 725 891; x_wconf 70' lang='lat'><strong>1238„</strong></span> <span class='ocrx_word' id='word_1_6' title='bbox 746 805 797 874; x_wconf 76' lang='lat'><strong>25.</strong></span> <span class='ocrx_word' id='word_1_7' title='bbox 819 809 898 891; x_wconf 83' lang='lat' dir='ltr'><strong>blatii,</strong></span> <span class='ocrx_word' id='word_1_8' title='bbox 921 808 997 896; x_wconf 87' lang='lat' dir='ltr'><strong>apud</strong></span> <span class='ocrx_word' id='word_1_9' title='bbox 1018 809 1194 899; x_wconf 76' lang='lat' dir='ltr'><strong>Augustam·</strong></span> 
     </span>
    </p>
   </div>
   <div class='ocr_carea' id='block_1_3' title="bbox 173 963 1576 1362">
    <p class='ocr_par' dir='ltr' id='par_1_3' title="bbox 173 963 1576 1062">
     <span class='ocr_line' id='line_1_4' title="bbox 173 963 1576 1062; baseline 0.004 -26"><span class='ocrx_word' id='word_1_10' title='bbox 173 963 350 1038; x_wconf 87' lang='lat' dir='ltr'><strong>baudelius</strong></span> <span class='ocrx_word' id='word_1_11' title='bbox 374 967 634 1038; x_wconf 82' lang='lat' dir='ltr'><strong>wormaciensis</strong></span> <span class='ocrx_word' id='word_1_12' title='bbox 663 969 845 1062; x_wconf 89' lang='lat' dir='ltr'><strong>episcopus</strong></span> <span class='ocrx_word' id='word_1_13' title='bbox 869 963 1025 1039; x_wconf 92' lang='lat' dir='ltr'><strong>omnibus</strong></span> <span class='ocrx_word' id='word_1_14' title='bbox 1051 970 1085 1038; x_wconf 90' lang='lat' dir='ltr'><strong>in</strong></span> <span class='ocrx_word' id='word_1_15' title='bbox 1112 989 1173 1040; x_wconf 92' lang='lat' dir='ltr'><strong>sua</strong></span> <span class='ocrx_word' id='word_1_16' title='bbox 1200 965 1330 1039; x_wconf 80' lang='lat' dir='ltr'><strong>diocesi</strong></span> <span class='ocrx_word' id='word_1_17' title='bbox 1349 969 1541 1042; x_wconf 90' lang='lat' dir='ltr'><strong>constitutis</strong></span> <span class='ocrx_word' id='word_1_18' title='bbox 1571 1017 1576 1027; x_wconf 88' lang='lat'>-</span> 
     </span>
    </p>

    <p class='ocr_par' dir='ltr' id='par_1_4' title="bbox 173 1064 1542 1162">
     <span class='ocr_line' id='line_1_5' title="bbox 173 1064 1542 1162; baseline 0.003 -28"><span class='ocrx_word' id='word_1_19' title='bbox 173 1067 323 1157; x_wconf 68' lang='lat' dir='ltr'><strong>inmugit,</strong></span> <span class='ocrx_word' id='word_1_20' title='bbox 350 1073 512 1160; x_wconf 69' lang='lat' dir='ltr'><strong>maianus</strong></span> <span class='ocrx_word' id='word_1_21' title='bbox 540 1064 696 1138; x_wconf 90' lang='lat' dir='ltr'><strong>studeant</strong></span> <span class='ocrx_word' id='word_1_22' title='bbox 708 1067 879 1140; x_wconf 87' lang='lat' dir='ltr'><strong>ecclesiae</strong></span> <span class='ocrx_word' id='word_1_23' title='bbox 899 1065 1132 1162; x_wconf 91' lang='lat' dir='ltr'><strong>herbipolensi</strong></span> <span class='ocrx_word' id='word_1_24' title='bbox 1147 1067 1354 1141; x_wconf 89' lang='lat' dir='ltr'><strong>elemosinas</strong></span> <span class='ocrx_word' id='word_1_25' title='bbox 1381 1089 1542 1161; x_wconf 69' lang='lat' dir='ltr'><strong>erogare,</strong></span> 
     </span>
    </p>

    <p class='ocr_par' dir='ltr' id='par_1_5' title="bbox 174 1163 1542 1362">
     <span class='ocr_line' id='line_1_6' title="bbox 174 1163 1542 1261; baseline 0.003 -27"><span class='ocrx_word' id='word_1_26' title='bbox 174 1163 323 1238; x_wconf 88' lang='lat' dir='ltr'><strong>omuibus</strong></span> <span class='ocrx_word' id='word_1_27' title='bbox 350 1163 623 1237; x_wconf 74' lang='lat' dir='ltr'><strong>benefactoribus</strong></span> <span class='ocrx_word' id='word_1_28' title='bbox 648 1187 734 1237; x_wconf 85' lang='lat' dir='ltr'><strong>vere</strong></span> <span class='ocrx_word' id='word_1_29' title='bbox 760 1165 1010 1261; x_wconf 90' lang='lat' dir='ltr'><strong>poenitentibus</strong></span> <span class='ocrx_word' id='word_1_30' title='bbox 1037 1176 1072 1238; x_wconf 91' lang='lat' dir='ltr'><strong>et</strong></span> <span class='ocrx_word' id='word_1_31' title='bbox 1097 1165 1267 1242; x_wconf 82' lang='lat' dir='ltr'><strong>confessis</strong></span> <span class='ocrx_word' id='word_1_32' title='bbox 1301 1165 1359 1239; x_wconf 90' lang='lat' dir='ltr'><strong>XL</strong></span> <span class='ocrx_word' id='word_1_33' title='bbox 1392 1167 1466 1241; x_wconf 90' lang='lat' dir='ltr'><strong>dies</strong></span> <span class='ocrx_word' id='word_1_34' title='bbox 1500 1167 1542 1238; x_wconf 94' lang='lat' dir='ltr'><strong>da</strong></span> 
     </span>
     <span class='ocr_line' id='line_1_7' title="bbox 522 1263 1191 1362; baseline 0.001 -26"><span class='ocrx_word' id='word_1_35' title='bbox 522 1267 669 1336; x_wconf 89' lang='lat' dir='ltr'><strong>iniuncta</strong></span> <span class='ocrx_word' id='word_1_36' title='bbox 696 1263 760 1338; x_wconf 91' lang='lat' dir='ltr'><strong>sibi</strong></span> <span class='ocrx_word' id='word_1_37' title='bbox 785 1269 993 1362; x_wconf 87' lang='lat' dir='ltr'><strong>poenitentia</strong></span> <span class='ocrx_word' id='word_1_38' title='bbox 1018 1266 1191 1340; x_wconf 85' lang='lat' dir='ltr'><strong>relaxans.</strong></span> 
     </span>
    </p>
   </div>
   <div class='ocr_carea' id='block_1_4' title="bbox 151 1395 1547 2995">
    <p class='ocr_par' dir='ltr' id='par_1_6' title="bbox 234 1395 1544 1496">
     <span class='ocr_line' id='line_1_8' title="bbox 234 1395 1544 1496; baseline 0.002 -24"><span class='ocrx_word' id='word_1_39' title='bbox 234 1461 241 1472; x_wconf 86' lang='lat'><em>.</em></span> <span class='ocrx_word' id='word_1_40' title='bbox 267 1397 304 1468; x_wconf 87' lang='lat' dir='ltr'><strong>L.</strong></span> <span class='ocrx_word' id='word_1_41' title='bbox 332 1395 386 1470; x_wconf 91' lang='lat' dir='ltr'><strong>dci</strong></span> <span class='ocrx_word' id='word_1_42' title='bbox 411 1401 521 1492; x_wconf 81' lang='lat' dir='ltr'><strong>gratia</strong></span> <span class='ocrx_word' id='word_1_43' title='bbox 546 1401 805 1472; x_wconf 87' lang='lat' dir='ltr'><strong>wormaciensis</strong></span> <span class='ocrx_word' id='word_1_44' title='bbox 832 1403 1015 1496; x_wconf 87' lang='lat' dir='ltr'><strong>episcopus</strong></span> <span class='ocrx_word' id='word_1_45' title='bbox 1055 1401 1209 1474; x_wconf 90' lang='lat' dir='ltr'><strong>omnibus</strong></span> <span class='ocrx_word' id='word_1_46' title='bbox 1245 1403 1280 1474; x_wconf 91' lang='lat' dir='ltr'><strong>in</strong></span> <span class='ocrx_word' id='word_1_47' title='bbox 1316 1422 1378 1476; x_wconf 88' lang='lat' dir='ltr'><strong>sua</strong></span> <span class='ocrx_word' id='word_1_48' title='bbox 1412 1399 1544 1474; x_wconf 80' lang='lat' dir='ltr'><strong>diocesi</strong></span> 
     </span>
    </p>

    <p class='ocr_par' dir='ltr' id='par_1_7' title="bbox 151 1499 1547 2995">
     <span class='ocr_line' id='line_1_9' title="bbox 173 1499 1543 1574; baseline 0.003 -6"><span class='ocrx_word' id='word_1_49' title='bbox 173 1499 359 1570; x_wconf 88' lang='lat' dir='ltr'><strong>constitutis</strong></span> <span class='ocrx_word' id='word_1_50' title='bbox 387 1499 531 1570; x_wconf 91' lang='lat' dir='ltr'><strong>salutem</strong></span> <span class='ocrx_word' id='word_1_51' title='bbox 557 1503 591 1571; x_wconf 94' lang='lat' dir='ltr'><strong>in</strong></span> <span class='ocrx_word' id='word_1_52' title='bbox 609 1501 727 1574; x_wconf 89' lang='lat' dir='ltr'><strong>salutis</strong></span> <span class='ocrx_word' id='word_1_53' title='bbox 747 1510 888 1572; x_wconf 87' lang='lat' dir='ltr'><strong>anctore</strong></span> <span class='ocrx_word' id='word_1_54' title='bbox 902 1554 959 1570; x_wconf 91' lang='lat'><strong>...</strong></span> <span class='ocrx_word' id='word_1_55' title='bbox 1012 1499 1140 1572; x_wconf 84' lang='lat' dir='ltr'><strong>Cum..</strong></span> <span class='ocrx_word' id='word_1_56' title='bbox 1167 1499 1375 1574; x_wconf 87' lang='lat' dir='ltr'><strong>kathedralis</strong></span> <span class='ocrx_word' id='word_1_57' title='bbox 1394 1501 1543 1574; x_wconf 85' lang='lat' dir='ltr'><strong>ecclesia</strong></span> 
     </span>
     <span class='ocr_line' id='line_1_10' title="bbox 172 1597 1543 1674; baseline 0.001 -6"><span class='ocrx_word' id='word_1_58' title='bbox 172 1597 377 1672; x_wconf 85' lang='lat' dir='ltr'><strong>venerabilis</strong></span> <span class='ocrx_word' id='word_1_59' title='bbox 404 1601 438 1670; x_wconf 93' lang='lat' dir='ltr'><strong>in</strong></span> <span class='ocrx_word' id='word_1_60' title='bbox 463 1597 727 1672; x_wconf 88' lang='lat' dir='ltr'><strong>Wiroeburc</strong></span> <span class='ocrx_word' id='word_1_61' title='bbox 753 1603 861 1672; x_wconf 92' lang='lat' dir='ltr'><strong>sancti</strong></span> <span class='ocrx_word' id='word_1_62' title='bbox 885 1597 1009 1672; x_wconf 86' lang='lat' dir='ltr'><strong>Kiliani</strong></span> <span class='ocrx_word' id='word_1_63' title='bbox 1035 1611 1070 1672; x_wconf 88' lang='lat' dir='ltr'><strong>et</strong></span> <span class='ocrx_word' id='word_1_64' title='bbox 1095 1603 1268 1674; x_wconf 84' lang='lat' dir='ltr'><strong>sociorum</strong></span> <span class='ocrx_word' id='word_1_65' title='bbox 1301 1603 1376 1674; x_wconf 89' lang='lat' dir='ltr'><strong>eius</strong></span> <span class='ocrx_word' id='word_1_66' title='bbox 1410 1600 1452 1671; x_wconf 88' lang='lat' dir='ltr'><strong>ad</strong></span> <span class='ocrx_word' id='word_1_67' title='bbox 1477 1623 1543 1671; x_wconf 85' lang='lat' dir='ltr'><strong>oa·-</strong></span> 
     </span>
     <span class='ocr_line' id='line_1_11' title="bbox 171 1697 1542 1797; baseline 0.003 -29"><span class='ocrx_word' id='word_1_68' title='bbox 171 1699 427 1770; x_wconf 84' lang='lat' dir='ltr'><strong>nonizacionem</strong></span> <span class='ocrx_word' id='word_1_69' title='bbox 452 1697 544 1772; x_wconf 92' lang='lat' dir='ltr'><strong>beati</strong></span> <span class='ocrx_word' id='word_1_70' title='bbox 568 1701 807 1790; x_wconf 71' lang='lat' dir='ltr'><strong>Brunonis‚</strong></span> <span class='ocrx_word' id='word_1_71' title='bbox 833 1700 1000 1794; x_wconf 81' lang='lat' dir='ltr'><strong>quondam</strong></span> <span class='ocrx_word' id='word_1_72' title='bbox 1015 1703 1122 1796; x_wconf 88' lang='lat' dir='ltr'><strong>ipsius</strong></span> <span class='ocrx_word' id='word_1_73' title='bbox 1137 1701 1288 1776; x_wconf 89' lang='lat' dir='ltr'><strong>ecclesia</strong></span> <span class='ocrx_word' id='word_1_74' title='bbox 1307 1703 1473 1797; x_wconf 73' lang='lat' dir='ltr'><strong>episcopi,</strong></span> <span class='ocrx_word' id='word_1_75' title='bbox 1500 1701 1542 1772; x_wconf 90' lang='lat' dir='ltr'><strong>de</strong></span> 
     </span>
     <span class='ocr_line' id='line_1_12' title="bbox 172 1799 1545 1898; baseline 0.004 -31"><span class='ocrx_word' id='word_1_76' title='bbox 172 1799 439 1891; x_wconf 83' lang='lat' dir='ltr'><strong>cuiusnegooio</strong></span> <span class='ocrx_word' id='word_1_77' title='bbox 466 1801 619 1870; x_wconf 92' lang='lat' dir='ltr'><strong>incuria</strong></span> <span class='ocrx_word' id='word_1_78' title='bbox 651 1803 718 1872; x_wconf 93' lang='lat' dir='ltr'><strong>iam</strong></span> <span class='ocrx_word' id='word_1_79' title='bbox 750 1799 963 1875; x_wconf 82' lang='lat' dir='ltr'><strong>laudabiliter</strong></span> <span class='ocrx_word' id='word_1_80' title='bbox 995 1801 1154 1873; x_wconf 90' lang='lat' dir='ltr'><strong>inchoato</strong></span> <span class='ocrx_word' id='word_1_81' title='bbox 1188 1823 1297 1898; x_wconf 85' lang='lat' dir='ltr'><strong>nuper</strong></span> <span class='ocrx_word' id='word_1_82' title='bbox 1328 1804 1439 1894; x_wconf 88' lang='lat' dir='ltr'><strong>mmcij</strong></span> <span class='ocrx_word' id='word_1_83' title='bbox 1468 1811 1545 1874; x_wconf 89' lang='lat' dir='ltr'><strong>sunt</strong></span> 
     </span>
     <span class='ocr_line' id='line_1_13' title="bbox 170 1895 1545 1992; baseline 0.004 -25"><span class='ocrx_word' id='word_1_84' title='bbox 170 1900 313 1986; x_wconf 89' lang='lat' dir='ltr'><strong>reuersi,</strong></span> <span class='ocrx_word' id='word_1_85' title='bbox 340 1909 374 1968; x_wconf 91' lang='lat' dir='ltr'><strong>et</strong></span> <span class='ocrx_word' id='word_1_86' title='bbox 399 1895 441 1968; x_wconf 91' lang='lat' dir='ltr'><strong>ad</strong></span> <span class='ocrx_word' id='word_1_87' title='bbox 467 1909 654 1974; x_wconf 89' lang='lat' dir='ltr'><strong>structuras</strong></span> <span class='ocrx_word' id='word_1_88' title='bbox 688 1909 722 1971; x_wconf 90' lang='lat' dir='ltr'><strong>et</strong></span> <span class='ocrx_word' id='word_1_89' title='bbox 756 1903 837 1972; x_wconf 91' lang='lat' dir='ltr'><strong>tecti</strong></span> <span class='ocrx_word' id='word_1_90' title='bbox 870 1899 1000 1972; x_wconf 85' lang='lat' dir='ltr'><strong>edificia</strong></span> <span class='ocrx_word' id='word_1_91' title='bbox 1026 1923 1068 1974; x_wconf 89' lang='lat' dir='ltr'><strong>ac</strong></span> <span class='ocrx_word' id='word_1_92' title='bbox 1092 1901 1158 1974; x_wconf 90' lang='lat' dir='ltr'><strong>alia</strong></span> <span class='ocrx_word' id='word_1_93' title='bbox 1184 1899 1308 1974; x_wconf 86' lang='lat' dir='ltr'><strong>ibidem</strong></span> <span class='ocrx_word' id='word_1_94' title='bbox 1332 1904 1545 1992; x_wconf 73' lang='lat' dir='ltr'><strong>necessaria,</strong></span> 
     </span>
     <span class='ocr_line' id='line_1_14' title="bbox 171 1995 1544 2098; baseline 0.005 -31"><span class='ocrx_word' id='word_1_95' title='bbox 171 1995 301 2091; x_wconf 90' lang='lat' dir='ltr'><strong>adque</strong></span> <span class='ocrx_word' id='word_1_96' title='bbox 327 2001 464 2094; x_wconf 88' lang='lat' dir='ltr'><strong>proprie</strong></span> <span class='ocrx_word' id='word_1_97' title='bbox 498 2021 566 2072; x_wconf 93' lang='lat' dir='ltr'><strong>non</strong></span> <span class='ocrx_word' id='word_1_98' title='bbox 593 2009 773 2096; x_wconf 90' lang='lat' dir='ltr'><strong>suppetunt</strong></span> <span class='ocrx_word' id='word_1_99' title='bbox 798 1999 996 2089; x_wconf 79' lang='lat' dir='ltr'><strong>facultates,</strong></span> <span class='ocrx_word' id='word_1_100' title='bbox 1032 2023 1107 2072; x_wconf 92' lang='lat' dir='ltr'><strong>oum</strong></span> <span class='ocrx_word' id='word_1_101' title='bbox 1133 2001 1346 2095; x_wconf 83' lang='lat' dir='ltr'><strong>largissimas</strong></span> <span class='ocrx_word' id='word_1_102' title='bbox 1373 2023 1544 2098; x_wconf 85' lang='lat' dir='ltr'><strong>expensas</strong></span> 
     </span>
     <span class='ocr_line' id='line_1_15' title="bbox 170 2097 1545 2196; baseline 0.004 -30"><span class='ocrx_word' id='word_1_103' title='bbox 170 2101 346 2192; x_wconf 82' lang='lat' dir='ltr'><strong>requirere</strong></span> <span class='ocrx_word' id='word_1_104' title='bbox 371 2097 562 2190; x_wconf 76' lang='lat' dir='ltr'><strong>videantur,</strong></span> <span class='ocrx_word' id='word_1_105' title='bbox 589 2099 753 2196; x_wconf 87' lang='lat' dir='ltr'><strong>deposcat</strong></span> <span class='ocrx_word' id='word_1_106' title='bbox 777 2103 909 2196; x_wconf 92' lang='lat' dir='ltr'><strong>piorum</strong></span> <span class='ocrx_word' id='word_1_107' title='bbox 923 2098 1082 2176; x_wconf 89' lang='lat' dir='ltr'><strong>subsidiis</strong></span> <span class='ocrx_word' id='word_1_108' title='bbox 1099 2099 1262 2191; x_wconf 83' lang='lat' dir='ltr'><strong>adiuuari,</strong></span> <span class='ocrx_word' id='word_1_109' title='bbox 1287 2104 1545 2174; x_wconf 77' lang='lat' dir='ltr'><strong>uniuersitatem</strong></span> 
     </span>
     <span class='ocr_line' id='line_1_16' title="bbox 170 2199 1546 2293; baseline 0.004 -26"><span class='ocrx_word' id='word_1_110' title='bbox 170 2207 319 2268; x_wconf 90' lang='lat' dir='ltr'><strong>uestram</strong></span> <span class='ocrx_word' id='word_1_111' title='bbox 352 2219 530 2272; x_wconf 90' lang='lat' dir='ltr'><strong>monemus</strong></span> <span class='ocrx_word' id='word_1_112' title='bbox 567 2203 601 2272; x_wconf 94' lang='lat' dir='ltr'><strong>in</strong></span> <span class='ocrx_word' id='word_1_113' title='bbox 635 2199 772 2273; x_wconf 92' lang='lat' dir='ltr'><strong>domino</strong></span> <span class='ocrx_word' id='word_1_114' title='bbox 812 2209 847 2272; x_wconf 88' lang='lat' dir='ltr'><strong>et</strong></span> <span class='ocrx_word' id='word_1_115' title='bbox 878 2219 1060 2293; x_wconf 85' lang='lat' dir='ltr'><strong>rogamus,</strong></span> <span class='ocrx_word' id='word_1_116' title='bbox 1099 2199 1199 2278; x_wconf 91' lang='lat' dir='ltr'><strong>uobis</strong></span> <span class='ocrx_word' id='word_1_117' title='bbox 1233 2204 1269 2272; x_wconf 92' lang='lat' dir='ltr'><strong>in</strong></span> <span class='ocrx_word' id='word_1_118' title='bbox 1305 2203 1546 2274; x_wconf 90' lang='lat' dir='ltr'><strong>remissionem</strong></span> 
     </span>
     <span class='ocr_line' id='line_1_17' title="bbox 151 2299 1545 2394; baseline 0.003 -27"><span class='ocrx_word' id='word_1_119' title='bbox 151 2300 401 2392; x_wconf 82' lang='lat' dir='ltr'><strong>peccaminum</strong></span> <span class='ocrx_word' id='word_1_120' title='bbox 426 2301 656 2394; x_wconf 62' lang='lat' dir='ltr'><strong>iniungentem</strong></span> <span class='ocrx_word' id='word_1_121' title='bbox 682 2310 845 2394; x_wconf 89' lang='lat' dir='ltr'><strong>quatenus</strong></span> <span class='ocrx_word' id='word_1_122' title='bbox 872 2299 983 2372; x_wconf 90' lang='lat' dir='ltr'><strong>eidem</strong></span> <span class='ocrx_word' id='word_1_123' title='bbox 1011 2300 1161 2372; x_wconf 89' lang='lat' dir='ltr'><strong>ecclesie</strong></span> <span class='ocrx_word' id='word_1_124' title='bbox 1186 2304 1260 2394; x_wconf 90' lang='lat' dir='ltr'><strong>pias</strong></span> <span class='ocrx_word' id='word_1_125' title='bbox 1288 2300 1450 2374; x_wconf 88' lang='lat' dir='ltr'><strong>studeatis</strong></span> <span class='ocrx_word' id='word_1_126' title='bbox 1465 2301 1545 2371; x_wconf 89' lang='lat' dir='ltr'><strong>elc-</strong></span> 
     </span>
     <span class='ocr_line' id='line_1_18' title="bbox 171 2399 1546 2495; baseline 0.004 -27"><span class='ocrx_word' id='word_1_127' title='bbox 171 2400 322 2472; x_wconf 90' lang='lat' dir='ltr'><strong>mosinas</strong></span> <span class='ocrx_word' id='word_1_128' title='bbox 349 2420 510 2492; x_wconf 73' lang='lat' dir='ltr'><strong>crogare,</strong></span> <span class='ocrx_word' id='word_1_129' title='bbox 534 2409 570 2470; x_wconf 87' lang='lat' dir='ltr'><strong>ut</strong></span> <span class='ocrx_word' id='word_1_130' title='bbox 595 2423 657 2494; x_wconf 92' lang='lat' dir='ltr'><strong>par</strong></span> <span class='ocrx_word' id='word_1_131' title='bbox 682 2399 743 2472; x_wconf 90' lang='lat' dir='ltr'><strong>bas</strong></span> <span class='ocrx_word' id='word_1_132' title='bbox 771 2409 805 2470; x_wconf 91' lang='lat' dir='ltr'><strong>et</strong></span> <span class='ocrx_word' id='word_1_133' title='bbox 829 2399 908 2490; x_wconf 75' lang='lat' dir='ltr'><strong>alia,</strong></span> <span class='ocrx_word' id='word_1_134' title='bbox 933 2422 999 2495; x_wconf 89' lang='lat' dir='ltr'><strong>que</strong></span> <span class='ocrx_word' id='word_1_135' title='bbox 1025 2399 1161 2472; x_wconf 90' lang='lat' dir='ltr'><strong>domiuo</strong></span> <span class='ocrx_word' id='word_1_136' title='bbox 1178 2401 1330 2472; x_wconf 88' lang='lat' dir='ltr'><strong>feceritis</strong></span> <span class='ocrx_word' id='word_1_137' title='bbox 1347 2403 1546 2494; x_wconf 78' lang='lat' dir='ltr'><strong>inspirante,</strong></span> 
     </span>
     <span class='ocr_line' id='line_1_19' title="bbox 172 2495 1546 2596; baseline 0.004 -30"><span class='ocrx_word' id='word_1_138' title='bbox 172 2495 213 2566; x_wconf 91' lang='lat' dir='ltr'><strong>ad</strong></span> <span class='ocrx_word' id='word_1_139' title='bbox 238 2507 432 2570; x_wconf 87' lang='lat' dir='ltr'><strong>eternorum</strong></span> <span class='ocrx_word' id='word_1_140' title='bbox 455 2497 577 2592; x_wconf 83' lang='lat' dir='ltr'><strong>gaudia</strong></span> <span class='ocrx_word' id='word_1_141' title='bbox 593 2501 775 2594; x_wconf 87' lang='lat' dir='ltr'><strong>peruenire</strong></span> <span class='ocrx_word' id='word_1_142' title='bbox 799 2502 952 2594; x_wconf 88' lang='lat' dir='ltr'><strong>possitis.</strong></span> <span class='ocrx_word' id='word_1_143' title='bbox 1003 2498 1076 2573; x_wconf 90' lang='lat' dir='ltr'><strong>Nos</strong></span> <span class='ocrx_word' id='word_1_144' title='bbox 1104 2502 1227 2572; x_wconf 87' lang='lat' dir='ltr'><strong>etenim</strong></span> <span class='ocrx_word' id='word_1_145' title='bbox 1248 2499 1290 2570; x_wconf 92' lang='lat' dir='ltr'><strong>de</strong></span> <span class='ocrx_word' id='word_1_146' title='bbox 1307 2502 1546 2596; x_wconf 87' lang='lat' dir='ltr'><strong>omnipotentis</strong></span> 
     </span>
     <span class='ocr_line' id='line_1_20' title="bbox 173 2593 1547 2694; baseline 0.001 -27"><span class='ocrx_word' id='word_1_147' title='bbox 173 2593 292 2670; x_wconf 90' lang='lat' dir='ltr'><strong>confisi</strong></span> <span class='ocrx_word' id='word_1_148' title='bbox 318 2597 507 2670; x_wconf 88' lang='lat' dir='ltr'><strong>clemencia</strong></span> <span class='ocrx_word' id='word_1_149' title='bbox 533 2598 688 2672; x_wconf 90' lang='lat' dir='ltr'><strong>omnibus</strong></span> <span class='ocrx_word' id='word_1_150' title='bbox 723 2601 795 2674; x_wconf 90' lang='lat' dir='ltr'><strong>eius</strong></span> <span class='ocrx_word' id='word_1_151' title='bbox 828 2597 1102 2674; x_wconf 88' lang='lat' dir='ltr'><strong>benefactoribus</strong></span> <span class='ocrx_word' id='word_1_152' title='bbox 1137 2621 1223 2672; x_wconf 89' lang='lat' dir='ltr'><strong>vere</strong></span> <span class='ocrx_word' id='word_1_153' title='bbox 1256 2598 1484 2694; x_wconf 87' lang='lat' dir='ltr'><strong>penitentibus</strong></span> <span class='ocrx_word' id='word_1_154' title='bbox 1512 2607 1547 2669; x_wconf 90' lang='lat' dir='ltr'><strong>et</strong></span> 
     </span>
     <span class='ocr_line' id='line_1_21' title="bbox 175 2695 1547 2793; baseline 0.001 -26"><span class='ocrx_word' id='word_1_155' title='bbox 175 2695 344 2770; x_wconf 88' lang='lat' dir='ltr'><strong>confessis</strong></span> <span class='ocrx_word' id='word_1_156' title='bbox 369 2697 428 2770; x_wconf 87' lang='lat' dir='ltr'><strong>XL</strong></span> <span class='ocrx_word' id='word_1_157' title='bbox 456 2697 529 2770; x_wconf 90' lang='lat' dir='ltr'><strong>dics</strong></span> <span class='ocrx_word' id='word_1_158' title='bbox 556 2699 597 2772; x_wconf 93' lang='lat' dir='ltr'><strong>de</strong></span> <span class='ocrx_word' id='word_1_159' title='bbox 623 2702 771 2772; x_wconf 86' lang='lat' dir='ltr'><strong>iniuncta</strong></span> <span class='ocrx_word' id='word_1_160' title='bbox 798 2699 862 2772; x_wconf 92' lang='lat' dir='ltr'><strong>sibi</strong></span> <span class='ocrx_word' id='word_1_161' title='bbox 886 2701 1071 2793; x_wconf 88' lang='lat' dir='ltr'><strong>penitentia</strong></span> <span class='ocrx_word' id='word_1_162' title='bbox 1096 2699 1303 2771; x_wconf 89' lang='lat' dir='ltr'><strong>relaxamus.</strong></span> <span class='ocrx_word' id='word_1_163' title='bbox 1355 2701 1442 2771; x_wconf 89' lang='lat' dir='ltr'><strong>Data</strong></span> <span class='ocrx_word' id='word_1_164' title='bbox 1467 2707 1547 2792; x_wconf 89' lang='lat' dir='ltr'><strong>aput</strong></span> 
     </span>
     <span class='ocr_line' id='line_1_22' title="bbox 173 2796 1545 2890; baseline 0.001 -22"><span class='ocrx_word' id='word_1_165' title='bbox 173 2796 373 2890; x_wconf 76' lang='lat' dir='ltr'><strong>Augustam,</strong></span> <span class='ocrx_word' id='word_1_166' title='bbox 399 2820 487 2870; x_wconf 89' lang='lat' dir='ltr'><strong>anno</strong></span> <span class='ocrx_word' id='word_1_167' title='bbox 501 2798 627 2870; x_wconf 85' lang='lat' dir='ltr'><strong>domini</strong></span> <span class='ocrx_word' id='word_1_168' title='bbox 646 2799 706 2872; x_wconf 67' lang='grc' dir='ltr'><strong>ΜΟ·</strong></span> <span class='ocrx_word' id='word_1_169' title='bbox 730 2797 811 2871; x_wconf 75' lang='grc'><strong>000·</strong></span> <span class='ocrx_word' id='word_1_170' title='bbox 835 2799 957 2870; x_wconf 66' lang='grc' dir='ltr'>ΧΧΧΟ·</span> <span class='ocrx_word' id='word_1_171' title='bbox 991 2810 1130 2890; x_wconf 74' lang='lat' dir='ltr'><strong>octavo,</strong></span> <span class='ocrx_word' id='word_1_172' title='bbox 1156 2797 1243 2872; x_wconf 88' lang='lat' dir='ltr'><strong>Vlll.</strong></span> <span class='ocrx_word' id='word_1_173' title='bbox 1260 2797 1425 2874; x_wconf 86' lang='lat' dir='ltr'><strong>kalendas</strong></span> <span class='ocrx_word' id='word_1_174' title='bbox 1444 2798 1545 2888; x_wconf 77' lang='lat' dir='ltr'><strong>tanti,</strong></span> 
     </span>
     <span class='ocr_line' id='line_1_23' title="bbox 173 2895 1120 2995; baseline 0.004 -27"><span class='ocrx_word' id='word_1_175' title='bbox 173 2895 354 2970; x_wconf 89' lang='lat' dir='ltr'><strong>indictione</strong></span> <span class='ocrx_word' id='word_1_176' title='bbox 379 2897 470 2990; x_wconf 66' lang='lat' dir='ltr'><strong>lile,</strong></span> <span class='ocrx_word' id='word_1_177' title='bbox 495 2901 711 2995; x_wconf 88' lang='lat' dir='ltr'><strong>episcopatus</strong></span> <span class='ocrx_word' id='word_1_178' title='bbox 737 2901 847 2971; x_wconf 89' lang='lat' dir='ltr'><strong>nostri</strong></span> <span class='ocrx_word' id='word_1_179' title='bbox 872 2921 961 2972; x_wconf 89' lang='lat' dir='ltr'><strong>anno</strong></span> <span class='ocrx_word' id='word_1_180' title='bbox 989 2909 1120 2994; x_wconf 83' lang='lat' dir='ltr'><strong>quarto</strong></span> 
     </span>
    </p>
   </div>
   <div class='ocr_carea' id='block_1_5' title="bbox 379 3029 1142 3114">
    <p class='ocr_par' dir='ltr' id='par_1_8' title="bbox 379 3029 1142 3114">
     <span class='ocr_line' id='line_1_24' title="bbox 379 3029 1142 3114; baseline -0.001 -19"><span class='ocrx_word' id='word_1_181' title='bbox 379 3029 517 3114; x_wconf 81' lang='lat' dir='ltr'><strong>Sigillum</strong></span> <span class='ocrx_word' id='word_1_182' title='bbox 537 3029 671 3094; x_wconf 87' lang='lat' dir='ltr'><strong>baudelii</strong></span> <span class='ocrx_word' id='word_1_183' title='bbox 694 3035 828 3114; x_wconf 80' lang='lat' dir='ltr'><strong>episcopi</strong></span> <span class='ocrx_word' id='word_1_184' title='bbox 849 3031 964 3094; x_wconf 90' lang='lat' dir='ltr'><strong>laesum</strong></span> <span class='ocrx_word' id='word_1_185' title='bbox 986 3030 1142 3114; x_wconf 88' lang='lat' dir='ltr'><strong>appendet.</strong></span> 
     </span>
    </p>
   </div>
   <div class='ocr_carea' id='block_1_6' title="bbox 561 3215 1169 3432">
    <p class='ocr_par' dir='ltr' id='par_1_9' title="bbox 561 3215 1169 3432">
     <span class='ocr_line' id='line_1_25' title="bbox 785 3215 925 3290; baseline 0 0"><span class='ocrx_word' id='word_1_186' title='bbox 785 3215 925 3290; x_wconf 76' lang='lat' dir='ltr'><strong>ccum.</strong></span> 
     </span>
     <span class='ocr_line' id='line_1_26' title="bbox 561 3347 1169 3432; baseline 0 -20"><span class='ocrx_word' id='word_1_187' title='bbox 561 3348 647 3413; x_wconf 86' lang='lat' dir='ltr'><strong>Circa</strong></span> <span class='ocrx_word' id='word_1_188' title='bbox 668 3367 779 3413; x_wconf 91' lang='lat' dir='ltr'><strong>annum</strong></span> <span class='ocrx_word' id='word_1_189' title='bbox 803 3347 997 3432; x_wconf 79' lang='lat' dir='ltr'><strong>1238.,p0sr</strong></span> <span class='ocrx_word' id='word_1_190' title='bbox 1019 3348 1069 3413; x_wconf 82' lang='lat'><strong>25.</strong></span> <span class='ocrx_word' id='word_1_191' title='bbox 1093 3347 1169 3414; x_wconf 82' lang='lat' dir='ltr'><strong>Mali.</strong></span> 
     </span>
    </p>
   </div>
   <div class='ocr_carea' id='block_1_7' title="bbox 174 3503 1548 3902">
    <p class='ocr_par' dir='ltr' id='par_1_10' title="bbox 175 3503 1546 3602">
     <span class='ocr_line' id='line_1_27' title="bbox 175 3503 1546 3602; baseline 0 -26"><span class='ocrx_word' id='word_1_192' title='bbox 175 3503 363 3600; x_wconf 84' lang='lat' dir='ltr'><strong>Capitulum</strong></span> <span class='ocrx_word' id='word_1_193' title='bbox 386 3505 528 3579; x_wconf 88' lang='lat' dir='ltr'><strong>maioris</strong></span> <span class='ocrx_word' id='word_1_194' title='bbox 556 3504 706 3579; x_wconf 87' lang='lat' dir='ltr'><strong>ecclesie</strong></span> <span class='ocrx_word' id='word_1_195' title='bbox 730 3505 983 3602; x_wconf 90' lang='lat' dir='ltr'><strong>herbipolensis</strong></span> <span class='ocrx_word' id='word_1_196' title='bbox 1015 3505 1230 3602; x_wconf 76' lang='lat' dir='ltr'><strong>promulgat,</strong></span> <span class='ocrx_word' id='word_1_197' title='bbox 1266 3514 1408 3600; x_wconf 68' lang='lat' dir='ltr'><strong>mantas</strong></span> <span class='ocrx_word' id='word_1_198' title='bbox 1434 3527 1546 3576; x_wconf 87' lang='lat' dir='ltr'><strong>unus·-</strong></span> 
     </span>
    </p>

    <p class='ocr_par' dir='ltr' id='par_1_11' title="bbox 176 3601 1548 3701">
     <span class='ocr_line' id='line_1_28' title="bbox 176 3601 1548 3701; baseline -0.001 -27"><span class='ocrx_word' id='word_1_199' title='bbox 176 3607 317 3699; x_wconf 79' lang='lat' dir='ltr'><strong>quisque</strong></span> <span class='ocrx_word' id='word_1_200' title='bbox 342 3603 399 3698; x_wconf 88' lang='lat' dir='ltr'><strong>qui</strong></span> <span class='ocrx_word' id='word_1_201' title='bbox 421 3625 485 3699; x_wconf 90' lang='lat' dir='ltr'><strong>pro</strong></span> <span class='ocrx_word' id='word_1_202' title='bbox 512 3608 779 3680; x_wconf 80' lang='lat' dir='ltr'><strong>canonizationis</strong></span> <span class='ocrx_word' id='word_1_203' title='bbox 815 3611 957 3701; x_wconf 83' lang='lat' dir='ltr'><strong>negotio</strong></span> <span class='ocrx_word' id='word_1_204' title='bbox 984 3625 1013 3679; x_wconf 92' lang='lat' dir='ltr'><strong>s.</strong></span> <span class='ocrx_word' id='word_1_205' title='bbox 1039 3605 1209 3678; x_wconf 86' lang='lat' dir='ltr'><strong>anonis</strong></span> <span class='ocrx_word' id='word_1_206' title='bbox 1235 3603 1403 3699; x_wconf 88' lang='lat' dir='ltr'><strong>quondam</strong></span> <span class='ocrx_word' id='word_1_207' title='bbox 1428 3601 1548 3674; x_wconf 89' lang='lat' dir='ltr'><strong>berbi-</strong></span> 
     </span>
    </p>

    <p class='ocr_par' dir='ltr' id='par_1_12' title="bbox 174 3701 1545 3902">
     <span class='ocr_line' id='line_1_29' title="bbox 174 3701 1545 3800; baseline 0.001 -25"><span class='ocrx_word' id='word_1_208' title='bbox 174 3703 327 3797; x_wconf 90' lang='lat' dir='ltr'><strong>polansis</strong></span> <span class='ocrx_word' id='word_1_209' title='bbox 355 3705 508 3800; x_wconf 88' lang='lat' dir='ltr'><strong>episcopi</strong></span> <span class='ocrx_word' id='word_1_210' title='bbox 534 3713 569 3777; x_wconf 90' lang='lat' dir='ltr'><strong>et</strong></span> <span class='ocrx_word' id='word_1_211' title='bbox 594 3704 756 3778; x_wconf 90' lang='lat' dir='ltr'><strong>aedificiis</strong></span> <span class='ocrx_word' id='word_1_212' title='bbox 770 3703 941 3778; x_wconf 90' lang='lat' dir='ltr'><strong>ecclesiae</strong></span> <span class='ocrx_word' id='word_1_213' title='bbox 954 3705 1152 3800; x_wconf 89' lang='lat' dir='ltr'><strong>reparandis</strong></span> <span class='ocrx_word' id='word_1_214' title='bbox 1178 3703 1220 3775; x_wconf 88' lang='lat' dir='ltr'><strong>de</strong></span> <span class='ocrx_word' id='word_1_215' title='bbox 1246 3707 1317 3778; x_wconf 89' lang='lat' dir='ltr'><strong>suis</strong></span> <span class='ocrx_word' id='word_1_216' title='bbox 1331 3701 1545 3776; x_wconf 88' lang='lat' dir='ltr'><strong>facultatibus</strong></span> 
     </span>
     <span class='ocr_line' id='line_1_30' title="bbox 381 3802 1348 3902; baseline 0.001 -27"><span class='ocrx_word' id='word_1_217' title='bbox 381 3802 590 3880; x_wconf 89' lang='lat' dir='ltr'><strong>elemosinas</strong></span> <span class='ocrx_word' id='word_1_218' title='bbox 618 3808 829 3902; x_wconf 78' lang='lat' dir='ltr'><strong>erogaverit,</strong></span> <span class='ocrx_word' id='word_1_219' title='bbox 854 3805 1082 3898; x_wconf 85' lang='lat' dir='ltr'><strong>indulgentias</strong></span> <span class='ocrx_word' id='word_1_220' title='bbox 1109 3814 1348 3900; x_wconf 89' lang='lat' dir='ltr'><strong>consequatur.</strong></span> 
     </span>
    </p>
   </div>
   <div class='ocr_carea' id='block_1_8' title="bbox 179 3926 1684 4150">
    <p class='ocr_par' dir='ltr' id='par_1_13' title="bbox 179 3926 1684 4150">
     <span class='ocr_line' id='line_1_31' title="bbox 272 3926 1548 4032; baseline 0.001 -25"><span class='ocrx_word' id='word_1_221' title='bbox 272 3933 532 4013; x_wconf 88' lang='lat' dir='ltr'><strong>Uenorabilibus</strong></span> <span class='ocrx_word' id='word_1_222' title='bbox 559 3937 703 4012; x_wconf 91' lang='lat' dir='ltr'><strong>dominis</strong></span> <span class='ocrx_word' id='word_1_223' title='bbox 730 3947 765 4012; x_wconf 84' lang='lat' dir='ltr'><strong>et</strong></span> <span class='ocrx_word' id='word_1_224' title='bbox 789 3941 824 4010; x_wconf 91' lang='lat' dir='ltr'><strong>in</strong></span> <span class='ocrx_word' id='word_1_225' title='bbox 838 3937 973 4011; x_wconf 85' lang='lat' dir='ltr'><strong>Christo</strong></span> <span class='ocrx_word' id='word_1_226' title='bbox 988 3937 1121 4011; x_wconf 88' lang='lat' dir='ltr'><strong>dilectis</strong></span> <span class='ocrx_word' id='word_1_227' title='bbox 1138 3935 1326 4029; x_wconf 74' lang='lat' dir='ltr'><strong>abbatibus,</strong></span> <span class='ocrx_word' id='word_1_228' title='bbox 1350 3926 1548 4032; x_wconf 68' lang='lat' dir='ltr'><strong>prepositis,</strong></span> 
     </span>
     <span class='ocr_line' id='line_1_32' title="bbox 179 4030 1684 4150; baseline 0.005 -47"><span class='ocrx_word' id='word_1_229' title='bbox 179 4030 327 4125; x_wconf 88' lang='lat' dir='ltr'><strong>decanis,</strong></span> <span class='ocrx_word' id='word_1_230' title='bbox 352 4037 524 4133; x_wconf 83' lang='lat' dir='ltr'><strong>prioribus</strong></span> <span class='ocrx_word' id='word_1_231' title='bbox 551 4039 693 4134; x_wconf 83' lang='lat' dir='ltr'><strong>aliisque</strong></span> <span class='ocrx_word' id='word_1_232' title='bbox 719 4038 944 4112; x_wconf 89' lang='lat' dir='ltr'><strong>ecclesiarum</strong></span> <span class='ocrx_word' id='word_1_233' title='bbox 969 4037 1162 4114; x_wconf 91' lang='lat' dir='ltr'><strong>rectoribus</strong></span> <span class='ocrx_word' id='word_1_234' title='bbox 1196 4037 1236 4110; x_wconf 91' lang='grc' dir='ltr'><strong>Ο.</strong></span> <span class='ocrx_word' id='word_1_235' title='bbox 1262 4039 1477 4134; x_wconf 75' lang='lat' dir='ltr'><strong>prepositus,</strong></span> <span class='ocrx_word' id='word_1_236' title='bbox 1502 4036 1546 4110; x_wconf 87' lang='lat' dir='ltr'><strong>A.</strong></span> <span class='ocrx_word' id='word_1_237' title='bbox 1631 4141 1634 4147; x_wconf 22' lang='grc' dir='ltr'>Ι</span> <span class='ocrx_word' id='word_1_238' title='bbox 1677 4139 1684 4150; x_wconf 32' lang='grc' dir='ltr'>Ι</span> 
     </span>
    </p>
   </div>
   <div class='ocr_carea' id='block_1_9' title="bbox 0 0 1895 4728">
    <p class='ocr_par' dir='ltr' id='par_1_14' title="bbox 0 0 1895 4728">
     <span class='ocr_line' id='line_1_33' title="bbox 0 0 1895 4728; baseline 0 0"><span class='ocrx_word' id='word_1_239' title='bbox 0 0 1895 4728; x_wconf 95' lang='lat' dir='ltr'><strong> </strong></span> 
     </span>
    </p>
   </div>
  </div>
 </body>
</html>
