3768 4728
614 477 830 576 episcopum
859 477 1152 574 wirziburgensis.
1501 484 1573 588 287

191 675 405 752 medietatem
438 681 543 754 oostri
568 678 833 770 bibelriedi,
864 679 1031 756 bonorum
1072 704 1113 754 ne
1146 681 1318 756 bominum
1351 685 1576 777 attinentium,

192 801 256 874 pro
283 777 372 852 CCC
394 778 490 854 tibure
518 779 720 855 bobiensium
747 789 996 876 oompnrusset,
1022 786 1232 860 statim-suis
1253 783 1373 856 usibus
1387 785 1576 879 profutura,

192 877 280 974 quod
306 877 381 951 beri
406 902 474 951 non
501 883 631 974 potuit,
658 903 731 951 eum
757 881 1016 974 Hedewigis
1055 893 1208 955 metrone
1247 881 1576 975 de.Bi·belried,

193 1000 313 1050 socrus
350 1001 431 1069 sue,
465 989 651 1075 prouentus
688 1003 733 1052 ex
770 979 954 1054 donatione
982 981 1180 1075 Swigeri
1217 987 1395 1078 percipere
1433 983 1575 1057 deberet

194 1078 402 1174 temporibus
426 1081 500 1152 vite
527 1103 602 1170 sue,
627 1083 693 1154 nisi
719 1081 913 1153 voluntarie
940 1081 1078 1154 eederet
1104 1081 1146 1152 eb
1165 1083 1305 1172 eisdem,
1331 1083 1439 1154 dictus
1461 1083 1574 1155 Swi-

191 1201 332 1272 genus
359 1183 530 1252 nominoio
555 1179 663 1252 boon:
689 1180 907 1254 medietatem
934 1187 1036 1262 castri
1063 1181 1292 1255 Bibeiried
1318 1192 1393 1254 edm
1413 1182 1512 1256 bonis
1541 1196 1574 1254 et

193 1278 387 1352 bominibus
415 1279 630 1352 attinentibus
657 1281 996 1354 memoretodomino
1024 1287 1188 1378 episeopo
1217 1295 1251 1354 et
1277 1283 1427 1356 ecclesie
1454 1281 1573 1355 berbi-

193 1380 329 1474 peiensi
359 1383 391 1451 in
417 1384 658 1478 proprietatem
686 1379 788 1471 dedit,
815 1387 1011 1455 renuntians
1039 1385 1090 1456 eis
1117 1407 1216 1454 nronu
1243 1393 1277 1454 et
1303 1382 1455 1473 colurno,
1489 1387 1576 1456 sicut

193 1483 226 1550 in
256 1477 508 1552 venditionibus
537 1491 591 1552 est
615 1491 842 1572 conswetum,
869 1493 903 1554 et
928 1481 993 1554 fide
1020 1481 1096 1554 date
1122 1487 1155 1554 in
1183 1483 1334 1556 menibus
1356 1483 1574 1580 dominiepi-

193 1583 292 1673 seopi
321 1584 521 1674 promittens
549 1579 658 1651 eidem
686 1580 823 1654 domino
849 1587 1015 1678 episcopo
1049 1593 1084 1654 et
1120 1583 1270 1656 ecclesie
1297 1581 1449 1678 deipsis
1476 1581 1574 1656 bonis

190 1679 398 1750 werondiem
441 1677 585 1750 debitum
619 1691 868 1775 postmortem
894 1693 1049 1755 metrone
1073 1682 1226 1777 predicte
1253 1682 1431 1773 exhibere,
1456 1683 1573 1755 vilium

190 1777 696 1870 Gozbrebteswiuden,
732 1803 831 1876 quom
858 1781 899 1852 nb
933 1784 1085 1856 ecclesio
1118 1769 1276 1877 pos'sidet
1309 1785 1344 1855 in
1377 1781 1518 1872 feodo,
1538 1793 1573 1854 et

190 1878 921 1973 advocatiasvillorumiiuuenwinden,
941 1883 1241 1972 Wizelsdorf,
1267 1883 1574 1972 Rumolsdori,

188 1978 686 2052 Windisensnetrbacb·
705 1992 739 2052 et
765 1981 984 2054 Oluibeim
1011 1982 1150 2056 domino
1177 1988 1341 2079 episeopo
1370 1994 1404 2056 et
1418 1983 1570 2056 eoeleste

187 2082 391 2174 assignavit,
417 2082 510 2152 etin
537 2081 691 2152 menibus
716 2081 956 2154 Hermnnni
983 2083 1102 2156 deeeni
1128 2089 1212 2156 noui
1240 2086 1461 2170 monosterii,
1493 2082 1573 2156 nt-

193 2177 314 2252 berti
341 2181 525 2270 eeliererii,
551 2181 706 2272 magistri
732 2182 956 2254 Weitberi
982 2183 1025 2254 de
1051 2183 1368 2277 Tennenberg,
1394 2182 1575 2256 Alberti

193 2279 235 2350 de
263 2279 532 2368 Grindeiob‚
575 2281 804 2353 Goteiridi
831 2281 873 2353 de
898 2283 1128 2356 antheim
1165 2287 1408 2354 canonicorum
1435 2287 1574 2354 maioris

192 2379 369 2467 ecclesie,
395 2381 616 2474 Wnlperti
643 2381 882 2474 Torsonis,
908 2381 1127 2456 Riobelmi
1153 2381 1348 2458 liaconis
1376 2393 1410 2453 et
1431 2381 1574 2454 Eelre-

190 2477 317 2550 berdi
342 2479 400 2554 tilii
427 2479 570 2576 dapiferi
598 2479 743 2571 tradidit,
770 2492 805 2554 ut
831 2481 942 2554 medio
970 2482 1125 2579 ternpore
1151 2485 1288 2556 uiuente
1305 2493 1459 2554 matrona
1478 2485 1574 2554 annis

189 2580 336 2672 singulis
353 2579 450 2654 XXX
477 2579 582 2653 libros
610 2581 812 2656 ballensium
839 2582 1349 2678 dominusepiseopusreeipiat
1375 2580 1415 2654 eb
1443 2579 1573 2654 eisdem

188 2679 270 2751 loeo
298 2691 522 2776 prouentuum
560 2684 831 2776 premissorum,
867 2693 904 2755 et
936 2693 972 2754 ut
1003 2694 1196 2779 respectum
1230 2682 1353 2755 bobeet
1385 2679 1428 2752 nd
1463 2703 1505 2752 eu
1531 2679 1574 2754 de

188 2780 365 2851 werondio
392 2779 503 2852 debito
518 2780 718 2853 exhibendo.
771 2783 815 2854 Et
841 2805 916 2854 eum
937 2795 1091 2855 matrona
1106 2784 1184 2855 iotis
1201 2787 1360 2871 cesserit,
1385 2791 1574 2878 prouentus

189 2879 333 2975 predicti
361 2880 400 2951 od
426 2884 622 2976 episcopum
648 2891 682 2952 et
708 2883 892 2956 eeclesiam
919 2893 1134 2954 reuertentur
1159 2893 1194 2954 et
1219 2883 1304 2958 villu
1331 2893 1366 2954 et
1385 2881 1574 2968 aduocatio,

189 2989 346 3074 quantum
373 2981 414 3052 nd
441 2980 654 3054 solucionem
681 2981 780 3054 XXX
804 2983 964 3054 librorum
999 2981 1200 3056 ballensium
1239 2991 1337 3056 erunt
1364 2981 1573 3076 Swigero

188 3070 300 3152 libere
328 3091 363 3152 et
389 3083 516 3172 solute,
544 3103 587 3152 eo
615 3081 727 3170 saluo,
753 3081 841 3177 quod
869 3082 1023 3158 deminus
1051 3087 1234 3180 episeopus
1273 3093 1307 3154 et
1332 3081 1482 3156 ecelesia
1509 3103 1573 3164 re-

189 3191 341 3274 spectum
377 3181 418 3254 ud
453 3204 496 3253 eo
532 3181 677 3254 habeant
717 3181 759 3253 de
798 3179 972 3256 worendie
1014 3183 1213 3256 exbibenda.
1276 3183 1437 3258 Promisit
1472 3184 1573 3252 etiam

191 3279 428 3374 Swigerus
457 3302 518 3376 pro
545 3280 814 3354 Eberhardo
840 3283 912 3354 biio
938 3306 1015 3372 suo,
1041 3288 1097 3378 qui
1123 3282 1211 3354 inira
1228 3303 1337 3352 onnes
1354 3281 1572 3352 discretionis

191 3385 323 3474 positus
350 3392 415 3469 est,
441 3393 478 3453 ut
501 3381 591 3453 idem
616 3381 857 3455 vendieionem
883 3383 1074 3456 huiusmodi
1100 3394 1206 3454 retum
1233 3380 1355 3452 hebent
1382 3390 1415 3450 et
1440 3401 1572 3450 renun-

189 3484 376 3553 eioeionem
403 3483 517 3570 iaciat,
545 3484 630 3552 sieut
656 3492 764 3576 poter.
815 3483 859 3554 Et
892 3493 926 3554 ut
961 3491 1155 3556 contractus
1192 3479 1382 3551 huiusmodi
1418 3477 1572 3552 omnibus

189 3581 388 3669 elucescat,
418 3603 563 3678 presens
600 3585 724 3677 pagine
761 3581 839 3654 inde
877 3585 1001 3678 scripte
1040 3581 1164 3676 sigiliis
1200 3579 1325 3650 domini
1360 3581 1513 3674 episcopi
1540 3589 1572 3650 et

188 3681 333 3774 predicti
361 3681 561 3776 Swigeri
587 3680 649 3752 suit
675 3683 708 3753 in
724 3686 953 3754 testimonium
970 3683 1184 3754 communito.
1217 3679 1360 3752 Testes:
1387 3677 1573 3774 Ruggerus
1680 3707 1682 3710 ·

189 3781 230 3852 de
258 3779 450 3870 belleveit,
491 3779 612 3853 Siboto
639 3779 681 3851 de
708 3783 934 3875 Engersboim
973 3784 1128 3856 sororius
1157 3779 1308 3871 Swigeri
1335 3788 1369 3850 et
1394 3779 1573 3852 Heinricus

190 3903 362 3954 ammanus
390 3885 477 3974 eius,
502 3881 684 3952 Heinrieus
701 3881 744 3954 de
765 3881 993 3974 Robensbvrg
1006 3881 1183 3966 scultetus,
1210 3876 1430 3951 Eoireburdus
1444 3879 1573 3967 Pullus,

189 3978 368 4053 Wolterus
395 3982 437 4053 de
464 3981 581 4070 Soloe,
608 3977 838 4054 Wnrmundus
866 3981 908 4053 de
936 3979 1051 4068 Eriob,
1080 3979 1258 4052 Gunrndns
1275 3979 1403 4069 Tereo,
1428 3978 1574 4050 Binbel-

188 4103 261 4156 mus
290 4081 470 4176 Berngeri,
498 4079 685 4174 Eugeibert
712 4081 873 4177 Tneprot,
900 4080 1118 4153 Wortwinus
1142 4089 1236 4151 trans
1262 4078 1422 4173 biogum,
1446 4077 1572 4152 Fride-
