3774 4728
290 462 293 470 ’
329 459 402 534 388
917 453 1136 533 ltlonumeuto

330 660 495 736 lobannis
523 661 557 732 iu
582 657 738 751 Hauge
766 659 902 732 sincere
935 656 1107 730 viuaulum
1143 657 1304 730 caritatis.
1358 652 1444 728 Cum
1478 676 1524 728 ex
1550 660 1715 726 oenum-

329 761 421 836 tibus
447 756 770 849 matrimonialibus,
805 757 848 829 ad
873 781 959 854 quos
986 757 1141 831 homines
1180 756 1332 832 ecclesie
1370 763 1490 830 vostre
1517 752 1717 828 inducuntur

330 861 536 958 aliquotiens
563 869 598 931 et
623 868 804 954 eoguntur,
830 867 866 930 ut
892 867 992 931 extra
1018 855 1233 932 conditiones
1260 879 1341 932 suus
1368 877 1498 930 uxores
1525 853 1649 928 duoaut
1674 851 1716 928 de

328 962 457 1036 familia
483 970 741 1052 extraneorum,
767 957 867 1034 vobis
895 969 930 1032 et
956 957 1108 1031 ecelesia
1134 968 1253 1034 vestre
1269 955 1528 1053 dompnumuou
1547 953 1716 1030 modicum

329 1064 533 1162 provenerit
558 1070 593 1132 et
618 1063 725 1134 maius
739 1061 850 1155 possit
867 1058 1078 1155 procedente
1104 1056 1449 1154 temporeoumulari,
1474 1079 1540 1130 nos
1555 1055 1716 1130 volentes

328 1163 430 1238 vobis
458 1160 644 1236 consulere
670 1162 704 1232 in
729 1159 915 1256 deoperte,
941 1171 976 1232 ut
994 1158 1238 1233 uniuersaliter
1254 1180 1375 1232 omues
1391 1157 1548 1232 homiues
1564 1156 1717 1232 eeclesia

328 1274 463 1354 vostre,
489 1260 677 1356 ubieunque
704 1263 772 1335 sint
797 1259 1011 1352 residentes,
1042 1270 1161 1334 vestro
1195 1268 1446 1334 conseruentur
1479 1257 1653 1347 ecclesie,
1688 1259 1716 1332 si

199 1418 204 1430 .
332 1364 434 1460 aliqui
460 1366 611 1460 ipsorum
638 1361 811 1436 bominum
827 1372 1022 1443 vestrorum
1039 1383 1185 1434 uxorem
1213 1360 1255 1432 da
1276 1359 1404 1434 familia
1420 1359 1573 1432 eoelesie
1597 1366 1718 1432 nostre

330 1463 509 1552 duxerint,
546 1484 675 1558 pueros
702 1484 787 1558 quos
814 1461 916 1534 iidem
941 1465 1070 1559 pariter
1095 1463 1343 1557 progenerint,
1381 1482 1529 1536 vnaourn
1565 1457 1718 1534 ecclesio

329 1576 447 1639 uestra
473 1563 688 1637 decernimus
716 1561 929 1654 diuidendos,
955 1566 1000 1635 ita
1026 1561 1117 1658 quod
1131 1560 1346 1635 medietatem
1362 1583 1547 1658 puerorum
1568 1563 1718 1634 omniurn

329 1676 527 1739 vestrorum
552 1663 725 1738 hominurn
752 1663 983 1758 generaliter,
1023 1685 1109 1758 quos
1149 1685 1211 1759 per
1244 1684 1375 1738 uxores
1417 1661 1570 1736 ecclesio
1596 1671 1718 1736 nostra

329 1763 519 1854 habuerint,
545 1763 646 1837 vobis
673 1762 804 1853 damus,
829 1765 1103 1860 imparinurnero
1121 1762 1221 1836 nobis
1247 1762 1290 1838 de
1304 1761 1453 1858 qualibet
1472 1771 1580 1836 matre
1591 1762 1718 1834 lemine

329 1876 449 1940 nostre
476 1863 628 1938 ecclesie
655 1873 846 1938 reseruata.
899 1863 1050 1936 Eandem
1077 1863 1243 1958 siquidem
1278 1863 1495 1936 medietatem
1532 1885 1718 1960 puerorum

331 1965 394 2038 sub
432 1965 496 2036 hae
532 1963 736 2037 condicione
772 1961 872 2036 vobis
914 1963 1147 2056 conferimus,
1189 1963 1279 2059 quod
1319 1985 1514 2037 euouuerso
1551 1962 1718 2038 medietas

328 2087 513 2162 puerorum
540 2087 601 2162 per
626 2063 771 2138 feminus
798 2073 917 2136 vostro
944 2063 1096 2138 ecclesie
1122 2067 1305 2138 attinentes
1328 2068 1602 2160 progenitorum,
1629 2086 1715 2159 quas

329 2165 486 2239 homines
512 2175 632 2239 nostra
659 2163 810 2238 eoelesie
837 2163 996 2237 duxerint
1022 2167 1056 2236 in
1082 2187 1227 2256 vxoreS,
1252 2187 1338 2260 quos
1365 2187 1494 2261 pueros
1521 2162 1584 2238 sub
1607 2164 1718 2238 lorma

328 2276 509 2364 prenotata
534 2265 690 2340 similiter
715 2262 815 2336 nobis
843 2263 950 2355 dotis,
977 2265 1129 2338 ecclesie
1155 2276 1274 2340 nostre
1300 2275 1489 2356 remaneat,
1519 2267 1564 2338 ita
1592 2267 1715 2353 aelam,

330 2365 420 2463 quod
447 2389 531 2463 puer
557 2365 629 2454 ille,
653 2367 709 2462 qui
737 2366 900 2460 imparem
926 2387 1103 2438 numerum
1129 2369 1271 2462 optinet,
1298 2375 1443 2439 matrem
1469 2369 1569 2461 sequi
1594 2362 1717 2438 debeat

331 2479 365 2540 et
391 2477 469 2564 aput
495 2475 645 2540 vestram
673 2463 857 2538 ecelesiam
885 2487 1076 2538 remanere.
1128 2466 1172 2540 Et
1197 2476 1232 2537 ut
1265 2464 1330 2538 hee
1368 2464 1525 2540 omnibus
1560 2464 1719 2563 patefiant

331 2578 367 2640 ot
393 2567 435 2641 de
460 2563 650 2640 huiusmodi
676 2568 801 2638 mutuis
828 2564 1066 2640 donationibus
1102 2589 1144 2638 aa
1179 2587 1362 2662 puerorum
1387 2565 1611 2640 diuisionibus
1638 2589 1717 2638 ma-

330 2671 439 2740 monis
477 2675 643 2764 perpetuo
669 2664 846 2756 habeatur,
883 2665 949 2738 duo
987 2669 1081 2763 paria
1120 2665 1307 2738 litterarum
1346 2667 1573 2740 consimilium
1599 2677 1717 2742 nostre

331 2777 367 2840 ot
392 2778 513 2842 vestre
540 2765 701 2842 ecelesiis
735 2763 810 2838 fiori
848 2769 1031 2856 iussimus,
1069 2770 1103 2838 in
1141 2769 1371 2840 testimonium
1412 2777 1447 2840 et
1486 2789 1528 2839 eo
1565 2765 1717 2842 dedimus

332 2867 459 2960 sigillis
485 2876 606 2940 nostro
641 2876 676 2939 at
710 2864 864 2942 ecelesia
897 2878 1014 2942 uastre
1042 2869 1179 2940 oaucius
1207 2871 1423 2941 eommunita.
1476 2867 1597 2941 Datum
1625 2891 1714 2942 anno

333 2967 460 3041 domini
492 2966 536 3040 bl.
566 2965 633 3039 GC.
661 2963 813 3056 nvllo,
852 2965 906 3039 lll.
948 2966 1022 3042 idus
1060 2965 1293 3063 Septembris,
1330 2967 1516 3043 indictione
1556 2969 1718 3061 secundo,

331 3067 548 3165 pontificatus
575 3069 685 3142 nostri
713 3087 803 3140 anno
830 3077 946 3158 sexto,

540 3265 632 3434 pgppp
666 3270 801 3350 episeopl
837 3267 967 3353 sigillum
1001 3267 1170 3352 appendet;
1209 3268 1340 3354 sigillum
1378 3268 1525 3334 eoeleslue
1556 3269 1718 3354 brugensis
