3774 4728
585 449 802 542 episoopntue
828 445 1123 541 wirsiburgensis.
1469 447 1540 522 tte

161 666 263 716 cerna
290 653 325 716 et
350 646 451 738 liugn
477 645 583 720 irater
610 667 691 718 snus
718 643 1002 734 denotassent,
1028 645 1540 741 oiennsmsdettiencnaen

161 743 237 815 Otto
260 748 378 837 junior
404 746 446 818 de
471 745 566 824 lior.
591 747 770 818 Heinricns
806 755 840 818 et
877 747 1047 818 Dietricus
1075 747 1258 836 Saxones,
1291 747 1458 822 Ernestus
1497 747 1540 820 de

161 843 265 934 Trou,
294 838 427 918 tristem
454 845 497 918 de
523 841 759 935 Wildinsmr‘ir,
786 855 856 916 tres
883 845 1007 918 iratres
1035 845 1195 918 Tuschen
1221 845 1264 918 do
1287 841 1539 922 Trtitmannes·

159 943 248 1032 dori,
272 946 299 1016 F
301 946 466 1018 ildericus
493 945 536 1017 de
562 945 750 1018 Waehrein‘
762 997 773 1034 ,
813 945 992 1016 llainricus
1019 945 1063 1018 de
1086 945 1290 1040 Lulcnberg.
1342 949 1432 1020 Aeto
1463 958 1541 1020 sunt

159 1043 222 1116 hec
248 1069 339 1118 anno
365 1047 490 1118 domini
515 1045 575 1117 M0·
591 1045 673 1118 00⁰·
690 1045 780 1118 Vll0·
815 1043 998 1116 Dornbach
1023 1049 1058 1118 in
1082 1047 1249 1118 cenaculo
1275 1045 1405 1120 abbatis
1432 1051 1542 1120 sancti

161 1145 251 1216 Petri
278 1146 320 1217 de
348 1145 544 1218 Salzbnrch.
596 1146 669 1218 llec
695 1157 806 1217 autern
832 1167 875 1216 eo
901 1155 1001 1240 pacto
1027 1146 1116 1216 lacta
1143 1157 1220 1218 sunt
1246 1145 1479 1236 euroboreo,
1505 1156 1541 1221 ul

162 1255 194 1315 et
220 1245 363 1318 domnus
391 1246 619 1341 erbipolensis
646 1249 827 1341 episcopus
855 1245 933 1316 Otto
956 1247 1035 1336 jure
1062 1267 1144 1336 suo,
1179 1245 1246 1318 hoc
1283 1257 1337 1320 est
1363 1247 1479 1341 sigillo
1506 1255 1541 1318 et

163 1347 431 1418 ministerialium
459 1367 596 1418 suornm
624 1349 820 1418 testimonio
845 1347 880 1416 in
906 1357 1106 1442 perpetuum
1132 1345 1345 1418 corroboret.

833 1797 871 1869 B.

655 1995 743 2059 llrtrro
770 1993 860 2076 1207,
884 1996 1046 2077 Herhipoli.

198 2177 275 2250 Otto
303 2175 554 2273 herbipolensis
583 2179 754 2255 ecclesiae
782 2179 912 2254 electus
941 2177 1159 2276 praecedenti
1187 2189 1311 2252 statuto
1341 2183 1493 2252 assentit.

261 2333 364 2404 Otto
399 2335 510 2405 diuina
544 2338 763 2408 miseratione
786 2334 1035 2430 herbipolensis
1073 2331 1223 2405 ecclesie
1259 2333 1402 2405 electus.
1455 2335 1542 2424 litis,

163 2457 226 2528 que
254 2458 273 2505 a
299 2433 397 2504 nohis
424 2437 512 2506 iuste
540 2447 573 2506 et
599 2435 843 2506 rationabiliter
869 2434 1100 2529 postulantur,
1139 2455 1181 2504 eo
1207 2433 1361 2504 fauorem
1387 2427 1542 2506 ndstmrm

162 2533 319 2607 libentius
347 2537 565 2630 impertimur,
593 2559 658 2628 quo
686 2559 747 2632 per
763 2539 836 2629 ipsa
864 2547 898 2604 et
923 2538 1031 2606 maior
1047 2533 1293 2629 postulantibus
1315 2533 1446 2606 accedit
1472 2536 1545 2603 uti-

161 2631 259 2722 litas,
303 2645 336 2704 et
372 2634 522 2706 ecclesie
562 2636 663 2708 nichil
703 2633 833 2730 deperit
859 2635 1067 2730 profectibus
1103 2645 1158 2704 ont
1184 2633 1316 2706 honori.
1369 2633 1450 2706 lnde
1478 2642 1544 2723 est,

163 2733 250 2828 qood
278 2745 312 2806 et
338 2737 419 2806 etati
446 2737 653 2829 presentium
688 2746 722 2806 et
755 2737 970 2811 successioni
1007 2731 1195 2828 futurorum
1232 2733 1357 2809 Christi
1395 2733 1545 2804 fidelium

162 2847 278 2907 notum
306 2857 386 2906 esse
414 2839 577 2929 cupimus,
605 2835 901 2928 quodcarissimus
917 2845 1036 2906 noster
1059 2833 1300 2929 Liupoldus
1318 2834 1459 2906 illustris
1477 2831 1546 2904 dux

162 2935 354 3006 Austris
382 2935 571 3006 etStirie
598 2934 1136 3022 hlinmErnestidel'runn,
1162 2933 1547 3006 nomineAdclheid

164 3057 308 3106 uxorein
320 3035 549 3125 ministerialis
562 3035 712 3106 ecclesie
726 3045 857 3122 nostre,
885 3034 1125 3106 Teoderici
1143 3033 1218 3104 deP
1230 3033 1332 3104 ohel
1351 3033 1452 3104 heato
1467 3033 1546 3127 lly-

70 3161 75 3172 ·
164 3133 255 3206 liano
285 3145 319 3205 et
346 3133 496 3206 ecclesie
522 3133 755 3228 herbipolensi
781 3134 890 3206 libere
917 3157 978 3228 per
993 3157 1125 3206 manum
1151 3134 1352 3226 Rodgeri
1380 3135 1421 3204 de
1437 3133 1546 3204 Pro-

165 3235 235 3304 sch
247 3239 286 3305 in
298 3257 379 3328 gen
397 3233 530 3304 tradidit
546 3245 579 3306 et
593 3235 741 3322 donauit,
760 3234 820 3305 sub
835 3258 875 3306 ea
889 3235 1010 3323 formaa
1037 3257 1101 3328 qne
1118 3237 1151 3303 in
1164 3237 1269 3328 ipsius
1286 3235 1379 3304 ducis
1394 3234 1546 3328 presenti

163 3335 345 3428 priuilegio
359 3344 474 3404 notata
490 3345 588 3406 estet
601 3338 806 3428 conscripta,
822 3356 920 3430 quern
931 3357 996 3408 nos
1008 3356 1083 3404 curn
1098 3355 1270 3404 consensu
1280 3333 1414 3428 capituli
1424 3334 1547 3422 nostri,

163 3457 223 3528 pro
251 3435 436 3505 dilectione
451 3437 612 3506 nominati
640 3436 667 3506 T
671 3435 822 3505 coderici
838 3446 872 3505 et
889 3435 1068 3504 commodo
1089 3437 1208 3504 uxoris
1226 3438 1313 3520 eius,
1340 3435 1454 3526 quein
1477 3429 1547 3501 do-

164 3537 300 3606 minium
328 3534 479 3605 ecclesie
505 3543 623 3606 nostre
642 3537 785 3624 transiit,
812 3533 961 3626 henigne
976 3535 1177 3605 admittimus
1193 3541 1227 3602 et
1243 3535 1411 3628 presentis
1429 3531 1546 3624 scripti

163 3637 351 3728 patrocinio
378 3633 629 3722 confirmamus
657 3643 856 3722 statuentes,
884 3645 919 3704 ut
944 3643 1011 3704 tam
1040 3635 1104 3728 ipsi
1120 3650 1216 3726 qulam
1233 3631 1379 3703 heredes
1394 3636 1546 3724 ipsorum

164 3753 204 3804 ee
216 3755 357 3828 semper
374 3733 587 3806 ordinatione
603 3733 784 3826 gaudeant„
811 3755 877 3828 que
892 3743 1009 3806 nostra
1024 3757 1067 3806 ac
1080 3731 1175 3804 ducis
1188 3731 1347 3806 antedicti
1363 3731 1548 3823 largitione

165 3837 248 3928 ipsis
274 3832 402 3906 indulta
426 3844 480 3906 est
506 3845 539 3906 et
566 3835 701 3905 collata.
754 3833 809 3906 Ad
836 3838 931 3906 cuius
958 3837 1009 3905 rei
1036 3844 1163 3908 certam
1197 3835 1230 3904 in
1257 3843 1430 3926 posterum
1466 3833 1547 3902 eui-'-

164 3933 323 4023 dentiam
350 3933 437 4006 lrnnc
461 3936 619 4028 paginam
646 3933 816 4008 consorihi
843 3945 878 4006 et
904 3934 1020 4026 sigillo
1047 3943 1168 4006 nostro
1195 3934 1356 4006 iussimus
1378 3933 1547 4022 insigniri.

165 4033 270 4108 limus
296 4037 348 4104 rei
375 4043 483 4108 testes
510 4044 606 4106 sunt:
634 4033 800 4110 Gerlncus
826 4038 1022 4129 prepositus
1047 4035 1129 4104 noui
1153 4035 1374 4122 monasterii,
1401 4029 1548 4106 teota-
