3776 4730
609 473 828 571 episcopatus
854 471 1150 569 wirziburgensis.
1492 475 1565 552 611

776 814 977 894 obxxxv.

633 1015 721 1084 Anno
747 1014 851 1100 1279,
874 1015 903 1084 2.
926 1015 1113 1086 Decembris.

184 1193 370 1272 bertoldus
395 1198 647 1298 herbipolensis
674 1209 859 1304 episcopus
885 1203 1136 1302 depositionem
1151 1205 1352 1282 societatum
1379 1205 1565 1280 incivitate

180 1293 426 1394 herbipolensi,
451 1325 539 1398 quae
564 1304 714 1401 compita
737 1317 962 1404 nuncupatur,
989 1315 1155 1397 revocat,
1182 1307 1293 1387 omnia
1341 1309 1459 1378 eiuro
1486 1309 1564 1382 sive

179 1397 460 1494 consuetudines,
485 1426 571 1500 quas
597 1403 1005 1504 habuerunt-antiquitus,
1034 1409 1117 1504 ipsis
1145 1399 1304 1482 societati
1326 1428 1366 1480 us
1393 1405 1562 1482 concedit.

275 1572 312 1648 ln¹
338 1579 476 1649 nomine
502 1573 629 1647 domini
655 1599 765 1652 amen.
814 1576 890 1651 Nos
915 1577 1190 1653 Bartholdus
1218 1577 1272 1650 dei
1299 1582 1416 1671 gracia
1441 1577 1562 1650 herbl-

176 1671 331 1766 polensis
372 1677 554 1774 episeopus
597 1687 759 1752 constare
800 1677 960 1753 volumus
1000 1681 1174 1754 nmuersis
1215 1699 1361 1774 presens
1399 1682 1561 1776 scriptum

175 1779 324 1869 visuris,
363 1775 561 1872 quodlicet
587 1781 773 1852 societates
806 1782 842 1852 in
869 1781 1006 1854 ciuitate
1037 1779 1296 1878 herbipolensi,
1327 1799 1400 1873 pue
1438 1780 1562 1852 culte

177 1887 423 1975 nuncupantur,
450 1875 732 1976 deposuissemus
760 1889 794 1951 et
820 1884 968 1978 ipsarum
986 1879 1267 1954 consuetudinem
1280 1901 1560 1972 reuocasscmas,

177 1985 289 2052 tamen
317 2001 483 2054 successu
509 1981 674 2075 temporis
709 2001 778 2053 non
805 1991 899 2054 motu
935 1979 1087 2059 leuitatis
1123 1979 1181 2054 uel
1223 1985 1458 2053 inconstancie
1495 1981 1561 2055 scd

175 2089 314 2178 propter
335 2091 438 2176 grata
464 2084 632 2170 seruicia,
660 2103 725 2176 que
750 2079 851 2157 uobis
878 2091 913 2154 et
938 2082 1090 2157 ecclesie
1115 2089 1238 2166 nostra
1263 2081 1426 2154 beniuole
1449 2081 1558 2154 arhiv

169 2176 316 2255 buerunt
342 2185 377 2256 in
403 2183 690 2278 expungnacione
716 2185 820 2256 castri
847 2181 1107 2278 rungecen,
1131 2181 1372 2256 nichilominus
1399 2181 1441 2254 ad
1464 2187 1558 2278 petia·

173 2285 306 2354 cionem
334 2281 513 2356 consulum
539 2291 736 2354 nostrorum
763 2281 1053 2380 herbipolensium
1080 2281 1273 2356 huiusmodi
1299 2281 1557 2378 deposicionern

171 2402 373 2458 reuocamus
400 2393 436 2456 et
462 2383 576 2456 omniu
598 2385 675 2473 jura
702 2385 778 2455 sine
803 2381 1094 2474 consuetudines,
1130 2405 1213 2480 quus
1247 2380 1437 2455 hahuerunt
1462 2387 1557 2456 anti-

170 2483 295 2579 quitus,
318 2485 403 2580 ipsis
425 2479 646 2558 societatibus
673 2480 892 2556 concedimus
920 2493 954 2556 et
978 2479 1195 2578 indulgemus
1211 2481 1396 2556 secundum
1412 2482 1555 2556 formam

164 2583 414 2682 subscriptum,
443 2577 632 2672 uidelicet,
666 2581 757 2678 quod
783 2601 904 2660 omncs
930 2585 1118 2659 societates
1144 2603 1206 2682 pro
1234 2580 1389 2656 omnibus
1416 2581 1553 2675 debitis,

169 2687 203 2761 in
230 2685 349 2782 quibus
375 2685 502 2761 luerint
526 2681 669 2776 obligati
696 2683 1061 2782 cuicunqueperscoe,
1087 2705 1153 2778 qua
1167 2681 1270 2755 fucrit
1286 2691 1384 2768 extra
1400 2685 1552 2780 ipsorum

168 2790 371 2862 societatem
387 2805 523 2860 necnon
549 2803 612 2880 pro
628 2781 816 2856 winerihus
833 2794 869 2857 et
881 2783 1038 2859 omnibns
1051 2783 1269 2873 excessibus,
1295 2785 1351 2878 qui
1362 2784 1553 2857 creuere

167 2897 413 2985 nuncupantur,
438 2886 504 2958 iuri
531 2891 621 2956 stent
647 2894 682 2956 et
707 2893 850 2980 pareunt
884 2907 1000 2960 corum
1033 2881 1202 2980 judicibus
1228 2885 1358 2956 nostris
1384 2882 1551 2981 herbipo-

166 2985 341 3077 lensibus3
369 2998 403 3060 et
428 2982 619 3060 huiusmodi
646 2991 806 3058 statutum
833 3007 953 3060 omnes
969 2989 1156 3060 societates
1174 2983 1374 3078 atsingolas
1391 2985 1551 3060 vmumns

164 3086 409 3162 inuiolabiliter
436 3085 636 3162 obseruare.
688 3081 774 3157 Item
811 3087 1013 3178 statuimus,
1049 3084 1140 3184 quod
1178 3083 1386 3159 similatores
1420 3095 1457 3158 et
1493 3085 1551 3158 clii

160 3191 314 3284 ¹pistores
343 3187 489 3284 singulis
516 3183 635 3258 diebus
661 3207 731 3258 non
754 3183 889 3260 feriatis
914 3189 1054 3284 pistant,
1080 3185 1170 3282 quod
1194 3207 1319 3258 recens
1335 3188 1433 3280 panis
1453 3184 1550 3261 albus

165 3297 200 3360 et
225 3291 327 3384 niger
353 3287 394 3362 ab
410 3283 579 3375 omnibus,
606 3283 1004 3385 qnihaberevolu'ariht,
1029 3289 1232 3359 lnueniatur.
1258 3285 1342 3358 llern
1359 3289 1551 3378 statuimus,

164 3387 254 3484 quod
279 3393 443 3486 pistores,
470 3387 525 3486 qui
551 3385 777 3458 rockener
803 3385 971 3479 dicuntur,
994 3407 1118 3484 panem
1146 3407 1242 3461 suum
1269 3388 1304 3457 in
1330 3383 1432 3458 domo
1451 3390 1548 3483 panis

163 3497 291 3564 tantum
316 3489 478 3580 vendant,
504 3483 624 3581 quibus
652 3489 761 3559 eciam
786 3485 971 3571 districtius
996 3487 1200 3579 inhibemus,
1226 3507 1271 3558 nc
1297 3484 1427 3580 aliquas
1444 3491 1548 3564 cistas

163 3589 221 3666 uel
247 3590 333 3666 alias
361 3591 537 3665 clausuras
564 3583 710 3676 habeant
742 3589 777 3660 in
812 3589 887 3686 ipsa
926 3587 1028 3661 domo
1063 3587 1126 3661 sed
1151 3583 1383 3661 tantummodo
1403 3607 1548 3661 scamna

163 3713 224 3763 sua
249 3689 418 3782 habeant,
456 3694 491 3763 in
529 3684 648 3782 quihus
673 3707 797 3785 punem
822 3704 920 3762 sunm
945 3687 1106 3761 vendant.
1158 3685 1303 3784 lnscper
1370 3689 1548 3784 ecipimus,

162 3801 198 3864 ut
223 3793 327 3866 cistas
355 3801 389 3866 et
415 3789 501 3866 clius
528 3787 726 3877 clausuras,
763 3789 810 3864 si,
832 3809 915 3884 quas
948 3791 1018 3866 ium
1043 3785 1169 3860 habant
1192 3791 1227 3861 in
1252 3807 1294 3884 pr
1340 3788 1406 3859 ‘cta
1426 3787 1547 3878 domu,

162 3891 337 3976 destruant
362 3903 397 3966 et
422 3915 492 3966 non
528 3892 726 3986 presumunt
760 3886 847 3963 alias
882 3885 1052 3962 edificare.
1104 3884 1189 3966 ltcm
1222 3889 1422 3981 statuimus,
1450 3888 1546 3983 upuod

162 3992 328 4066 extranei
345 3995 510 4090 pistores,
535 3989 593 4088 qui
618 3987 806 4078 voluerint,
832 3985 945 4060 album
970 3991 1288 4162 etnigrumpanem
1303 3985 1544 4108 tribuspdiabus

160 4095 195 4167 in
221 4091 373 4192 qnalibet
396 4095 585 4192 septimana
611 4087 735 4162 ducant
759 4085 802 4160 ad
828 4089 999 4164 ciuitatem
1024 4085 1167 4187 berblpc
1184 4109 1303 4164 ensem
1329 4097 1364 4160 ct
1382 4087 1427 4162 lln
1441 4099 1544 4183 aaut,
