3776 4730
323 381 397 464 l80
903 385 1123 469 monument

319 591 476 678 ,ecclesia
510 601 628 668 nostra
662 591 704 664 de
741 589 954 688 habitacione
988 597 1021 667 ia
1058 597 1204 669 ciuitate.
1227 591 1480 690 herbipolensi,
1518 613 1618 687 qnam
1651 583 1707 665 din

324 691 452 767 vixerit
478 695 698 786 competenti,
725 703 760 766 et
787 697 860 766 eius
888 717 1012 790 corpus
1039 704 1119 792 post
1144 704 1291 767 mortem
1311 703 1408 784 terra
1433 697 1467 766 in
1492 701 1709 773 castroca-

323 789 431 890 pitulo
459 791 728 879 commendetur,
755 815 796 866 ac
821 795 930 887 ipsius
955 798 1144 889 uxorisque
1163 793 1293 889 prefata
1308 795 1565 869 anniuersarius
1581 793 1707 887 proxi-

322 915 377 966 ma
410 902 512 966 sexta
549 892 636 967 leria
672 903 751 964 ante
775 891 988 987 Myclrahelis
1021 897 1191 971 annuatim
1222 918 1248 966 a
1278 893 1428 968 dominis
1461 895 1594 968 nostris
1626 889 1708 964 sol-

322 989 506 1088 lempniter
544 991 758 1080 celebretur,
803 991 893 1066 bona
928 993 1078 1089 predicta
1121 1004 1155 1066 et
1196 993 1354 1088 quidquid
1390 995 1543 1071 inrisio
1578 989 1708 1066 eisdem

324 1088 453 1166 babere
489 1088 713 1180 dinoscitur,
732 1091 775 1164 do
808 1116 982 1166 consensu
1017 1105 1052 1166 et
1079 1094 1252 1166 uoluntate
1288 1091 1498 1171 venerabilis
1531 1095 1638 1188 patris
1675 1100 1710 1162 ot

323 1191 450 1264 domini
485 1195 594 1266 nostri
633 1194 787 1290 episcopi
820 1193 1045 1282 Bertoldi,
1083 1198 1116 1268 in
1155 1193 1322 1266 honorem
1359 1203 1395 1266 ot
1431 1190 1565 1266 laudem
1600 1193 1710 1266 sancti

224 1321 237 1342 ⁸
326 1289 464 1388 Kyliani
500 1295 659 1388 martyris
699 1303 734 1364 et
769 1296 943 1366 sociorum
977 1298 1051 1366 eius
1086 1305 1206 1368 nostre
1233 1293 1510 1366 dedit‘ecelosie
1543 1292 1710 1386 perpetim

326 1389 577 1488 possidendos,
603 1391 834 1466 renunciando
869 1417 968 1468 mann
1003 1405 1038 1466 et
1072 1395 1203 1468 calamo
1231 1397 1321 1468 omni
1343 1396 1431 1486 juri,
1468 1391 1557 1487 quod
1584 1390 1650 1465 sibi
1677 1392 1712 1462 in

326 1491 457 1566 eisdem
484 1492 584 1566 honis
611 1495 685 1564 sine
711 1491 902 1567 hominibus
930 1504 1127 1589 competere
1152 1493 1343 1582 uidebatur,
1367 1496 1402 1564 in
1428 1515 1571 1587 qnorum
1598 1491 1711 1584 siqui-

325 1591 400 1665 dem
428 1592 593 1666 honorum
621 1603 656 1664 et
681 1591 850 1666 hominurn
877 1598 1137 1688 possessionem
1158 1593 1456 1669 Wollramum
1476 1588 1712 1677 dehinach,

324 1702 478 1764 nostrum
516 1697 806 1778 concanonicum,
844 1693 939 1766 duxit
971 1705 1091 1768 nostre
1125 1697 1263 1768 nomine
1296 1693 1448 1766 ecclesie
1481 1689 1712 1785 corporalem,

328 1789 394 1864 hoc
430 1791 495 1864 sibi
531 1792 661 1864 saluum
696 1792 922 1887 excipiendo,
958 1793 1046 1888 qnod
1084 1818 1205 1868 omnes
1238 1793 1388 1876 tructus,
1423 1795 1481 1887 qui
1511 1789 1712 1864 deeisdem

327 1891 426 1992 bopis
454 1904 488 1964 et
513 1889 702 1965 hominibus
729 1897 962 1987 prouenerint,
989 1894 1142 1966 deductis
1171 1895 1347 1990 expensis,
1374 1915 1457 1987 qrras
1481 1891 1526 1976 ⁴ad
1546 1892 1712 1964 necessi·-

327 2003 429 2066 tatem
457 1996 607 2087 ipsorum
634 1991 800 2066 honorum
827 2017 892 2068 nos
918 1993 1034 2065 iacere
1062 1997 1279 2087 contingerit,
1307 1991 1369 2066 sihi
1397 1990 1616 2064 debemusad
1636 1989 1712 2062 dies

327 2095 396 2164 nito
423 2116 485 2164 sue
512 2093 553 2164 ad
580 2095 749 2165 ciuitatem
773 2091 1048 2188 herbipolensem
1067 2098 1137 2166 suis
1155 2097 1319 2190 expensis
1339 2104 1373 2169 et
1388 2091 1543 2188 periculo
1557 2093 1712 2163 nostris-

327 2215 393 2288 que
433 2191 606 2264 laboribus
639 2203 849 2288 presentare.
915 2193 960 2264 Vt
993 2204 1105 2266 autern
1141 2195 1205 2266 hec
1238 2193 1383 2266 donacio
1419 2191 1524 2264 robur
1560 2189 1714 2262 obtineat

327 2303 490 2387 perpetue
518 2293 705 2382 firmitatis,
740 2303 934 2388 presentem
966 2297 1124 2387 paginam
1151 2293 1272 2366 abinde
1300 2295 1549 2387 conscriptam,
1585 2288 1714 2382 sigillis

329 2391 540 2466 venerabilis
569 2392 696 2466 domini
720 2395 873 2488 episcopi
900 2393 1041 2488 predicti
1069 2399 1349 2489 procurabimus,
1375 2403 1413 2466 et
1437 2394 1548 2462 nostri
1573 2388 1712 2484 capituli

332 2491 515 2581 noluimus,
542 2492 584 2562 ad
609 2515 731 2588 preces
758 2493 880 2587 prelati
907 2496 1040 2565 comitis
1067 2497 1277 2569 communiri.
1319 2497 1437 2570 ilatum
1463 2513 1553 2564 anno
1579 2490 1707 2564 domini

329 2589 650 2684 ttoctrmvno,
676 2595 710 2664 in
734 2593 853 2686 vigilia
880 2597 1130 2688 assumpoionis
1157 2594 1255 2670 beate
1281 2595 1437 2690 virginis.

539 2763 605 2826 Duo
628 2761 725 2848 sigilla
749 2761 1032 2856 laosayappondenl.

959 3184 1091 3260 CDXV.
1213 3291 1215 3298 Α

769 3355 857 3418 Anno
884 3351 985 3435 1277,
1012 3351 1059 3418 lt.
1083 3355 1297 3466 Septembris·

336 3503 458 3582 Clerns
492 3507 744 3604 herbipolensis
781 3523 898 3584 contra
934 3513 1149 3583 exactionem
1184 3511 1337 3584 decimae
1372 3509 1504 3608 papalis
1536 3532 1599 3604 pro
1627 3507 1714 3581 srah-

705 3609 793 3684 sidio
820 3619 944 3684 terrao'
961 3623 1101 3684 sanotae
1127 3617 1345 3705 protestatur.

437 3775 519 3853 Cum
556 3779 640 3874 apud
675 3781 848 3876 prelatos,
883 3781 1048 3876 capitulo,
1081 3778 1242 3870 abbates,
1267 3781 1478 3870 abbatissas,
1511 3790 1713 3868 conuentus,

337 3877 483 3968 priores,
510 3881 707 3974 priorissas,
733 3885 933 3968 canonicos,
957 3879 1136 3976 plebanos,
1160 3893 1320 3976 pastores
1347 3893 1381 3954 et
1408 3883 1558 3957 vicarios
1582 3891 1713 3955 totum-

337 3996 401 4082 que
428 3975 556 4062 clerum
584 3983 728 4066 ciuitatis
764 3992 799 4070 et
824 3981 986 4086 dyocesis
1020 3977 1271 4082 herbipolensis
1306 4004 1410 4090 super
1437 3979 1618 4068 solucione
1646 3979 1712 4064 de·
