3774 4728
348 485 417 558 leo
897 482 1115 560 Monumenta

343 684 567 757 Berconi's
594 684 817 756 concanonici
841 685 951 758 nostri
975 681 1010 756 in
1035 679 1202 758 beneficio
1229 680 1349 754 dudum
1374 682 1549 775 habuerat,
1573 691 1610 755 et
1637 693 1717 780 post

347 783 494 872 modurn,
521 781 598 854 dum
622 783 1002 856 mortuoRichalmo
1027 786 1160 856 iuniore
1186 781 1229 854 dc
1252 782 1463 879 Harpaclr,
1482 787 1544 879 ¹qni
1569 803 1612 854 ea
1625 785 1717 856 iuste

343 883 556 980 possederat,
581 883 683 958 nohis
708 893 884 976 uacarent,
907 886 1043 979 precise
1077 893 1112 957 et
1146 881 1273 978 absque
1306 887 1397 956 omni
1431 883 1647 974 conditione,
1679 885 1716 954 ln

342 986 460 1078 precio
485 992 619 1055 centum
644 1005 832 1055 marcarum
858 993 977 1056 sancto
1002 983 1149 1081 Xyliano
1177 993 1213 1055 et
1235 985 1342 1056 sociis
1369 986 1442 1056 eius
1469 983 1512 1056 ad
1526 1003 1608 1055 usus
1624 1003 1716 1054 con-
1797 1009 1801 1015 ·

342 1085 482 1155 fratrum
505 1093 700 1156 nostrornm
724 1081 931 1156 madidimus.
980 1081 1033 1155 Ne
1058 1087 1161 1176 igitur
1196 1081 1410 1156 diuturnitate
1443 1093 1634 1178 temporum
1660 1092 1718 1153 ant

343 1185 531 1278 suspitione
557 1183 833 1278 malignantium,
864 1185 930 1255 rite
956 1203 997 1253 ao
1022 1184 1257 1278 sollempniter
1281 1186 1430 1278 peractis
1469 1187 1581 1279 possit
1606 1180 1716 1254 dero-

343 1287 429 1377 gari,
454 1283 541 1354 hanc
565 1293 762 1378 presentem
785 1285 944 1380 paginam
970 1283 1076 1376 sigilli
1100 1286 1211 1356 nostri
1235 1285 1431 1355 testimonio
1444 1283 1588 1356 lecimus
1602 1280 1717 1354 robo-

343 1385 423 1455 rari.
473 1383 580 1456 Huius
606 1387 659 1456 rei
684 1393 792 1458 testes
819 1393 915 1456 sunt:
943 1381 1021 1456 Otto
1047 1385 1155 1454 maior
1179 1385 1394 1478 prepositus,
1429 1384 1579 1457 Perseus
1606 1381 1718 1454 deca-

342 1505 419 1574 nus,
444 1479 609 1555 Gerlacus
647 1486 841 1580 prepositus
875 1485 957 1555 noui
995 1485 1217 1574 monasterii,
1254 1477 1487 1556 Theodericus
1521 1485 1718 1580 prepositus

344 1585 453 1654 sancti
477 1582 641 1656 iohannis
667 1585 702 1654 in
727 1584 871 1678 Hovge,
903 1583 1037 1678 iringus
1071 1593 1211 1671 cantor,
1244 1581 1419 1656 Amoldus
1452 1585 1647 1679 prepositus
1674 1580 1718 1652 de

343 1681 596 1774 Onolvesbach,
622 1681 826 1756 Gadeiridus
852 1685 1059 1778 prepositus,
1083 1681 1247 1757 Albertns
1274 1683 1500 1773 scolasticus,
1534 1682 1717 1755 Heinricus

342 1791 473 1872 custos,
498 1781 690 1856 Wemerus
716 1785 881 1878 scriptor,
916 1787 1100 1858 canonicus
1125 1784 1208 1855 noni
1233 1785 1449 1872 monasterii,
1484 1780 1718 1854 Baldcwinus.

342 1879 453 1968 Laici:
480 1881 659 1956 Heinrious
685 1882 894 1956 marscalcus
921 1882 963 1954 dc
978 1882 1079 1974 Lura,
1101 1881 1291 1976 Nidungus,
1316 1879 1515 1974 Waldeber,
1535 1881 1719 1954 Heinricns

341 1980 449 2054 Rulus
477 1979 619 2077 dapifer,
643 1979 744 2054 Xvno
769 1981 968 2056 Wolloldus
995 1984 1110 2056 etalii
1135 1983 1385 2080 quamplures.
1437 1983 1526 2056 Acta
1550 1991 1629 2054 sunt
1652 1980 1719 2052 hcc

342 2103 430 2152 anno
457 2080 626 2154 dominice
650 2084 892 2156 incarnationis
917 2081 979 2156 Mo.
992 2081 1174 2175 00⁰·1X0,
1210 2081 1395 2154 indictione
1420 2080 1525 2173 xlia,
1550 2091 1719 2175 regnante

345 2179 471 2254 Ottone
495 2181 727 2254 Rornanorum
751 2204 849 2276 rege.
1773 2207 1776 2212 “

551 2379 688 2465 Sigillum
710 2378 826 2443 Ottonis
848 2384 980 2462 episcopi
1003 2378 1153 2464 appendet
1174 2397 1214 2442 cx
1235 2379 1292 2444 iilis
1314 2383 1431 2442 sericis.

885 2855 887 2860 ·
935 2823 1126 2897 clxxvii.

925 3023 1013 3087 Anno
1036 3018 1126 3087 1209.

340 3205 535 3282 Burlardus
562 3207 666 3286 abbas
691 3207 961 3281 inBrunnclrach
987 3213 1113 3280 curiam
1139 3211 1175 3282 in
1189 3207 1403 3282 Randisaluer
1418 3205 1576 3280 etXVlIl
1595 3209 1716 3302 iugera

340 3311 530 3402 vinearum,
556 3331 642 3404 quae
666 3305 882 3383 Eberhardus
910 3307 952 3381 de
976 3307 1169 3401 Marmore,
1200 3309 1492 3402 wirceburgensis
1519 3311 1718 3398 canonicus,

341 3409 512 3484 ecclesiae
546 3429 629 3482 suae
667 3411 851 3504 puerisque
889 3411 960 3482 suis
993 3407 1076 3480 Wal
1101 3417 1175 3482 erto
1211 3417 1246 3481 et
1283 3407 1439 3481 cunrado
1479 3405 1716 3502 delegaverat,

341 3519 532 3584 conventus
560 3511 613 3583 sui
638 3529 812 3583 consensu
836 3505 953 3602 iringo
978 3431 1260 3604 wircidngcnsis
1287 3507 1458 3582 ecclcsiae
1484 3511 1615 3580 cantori
1651 3529 1717 3578 ac-

519 3601 525 3611 “
739 3611 847 3706 ceptis
872 3607 982 3682 XXX.
1009 3613 1133 3684 marcis
1161 3607 1304 3682 confert.

439 3778 476 3851 C.
526 3778 728 3852 innomine
755 3791 870 3874 sancte
896 3777 1113 3872 etindiuidue
1129 3781 1298 3852 trinitatis.
1325 3777 1581 3850 Barkardua
1606 3775 1716 3849 dictus

341 3875 445 3952 abbas
470 3882 505 3951 in
530 3880 835 3953 Brannebach.
886 3879 1029 3953 Nouerit
1060 3889 1127 3951 tam
1161 3881 1369 3974 presentium
1403 3899 1500 3973 quam
1525 3876 1716 3949 futurorum

340 3980 673 4076 uninomina-quod
698 3979 1043 4072 hencrecordationls
1059 3978 1201 4051 domnus
1216 3977 1304 4051 Ebc
1316 3975 1502 4051 rhardus
1528 3974 1715 4050 wircibur-

341 4073 459 4171 g'ensis
486 4080 633 4174 ecclesie
659 4081 857 4170 canonicus,
883 4077 990 4154 dictus
1017 4079 1061 4152 de
1085 4079 1323 4170 Marmore,
1349 4088 1427 4150 ante
1453 4077 1579 4172 aliquot
1604 4097 1714 4149 annos
