3774 4728
591 475 809 571 episcopatus
834 471 1128 566 wirsiburgensis.
1480 477 1549 548 tri

380 673 518 757 Siptiium
539 671 671 736 monor
693 671 782 737 electi
803 675 983 752 impressum
1006 671 1107 751 edest,
1140 672 1220 739 buno
1248 677 1278 734 in
1301 672 1443 738 cathedra
1466 678 1553 756 epis·-
1630 613 1635 624 ι

383 759 479 842 capati
500 757 658 822 sedentem
679 764 921 840 repraesentasse,
942 757 1049 820 dextra
1064 757 1184 839 pedum,
1207 762 1318 820 sinistri
1340 759 1553 824 tibrumeven-

382 845 529 928 geiiorum
551 850 711 906 tenentem.
764 841 796 904 ln
825 847 949 905 circuitu
972 843 1100 926 legitur:
1133 841 1348 924 „†HE1NRIC
1378 833 1443 908 DEI
1475 843 1553 918 Gen

379 925 714 992 tunceevnumtsts
737 925 920 991 eccteste
941 927 1040 990 LEC'i
1058 927 1117 1007 [i]“

797 1343 927 1420 CLXX.

759 1528 848 1591 Anne
874 1523 964 1592 1206.

171 1715 259 1792 Sara
283 1717 424 1810 Judaea,
450 1741 591 1792 manens
617 1721 651 1789 in
677 1713 923 1808 wirceburch,
950 1729 1084 1790 omnem
1111 1721 1354 1816 proprietatem
1388 1739 1482 1790 suam
1517 1721 1550 1789 iu

169 1821 283 1892 vineis
309 1829 344 1891 et
369 1822 403 1890 iu
430 1818 583 1892 domibus
610 1822 645 1890 in
670 1837 787 1890 munus
806 1815 1018 1890 dominorum
1033 1818 1074 1889 dc
1095 1841 1225 1892 summo
1246 1817 1358 1910 tradit,
1382 1829 1419 1890 et
1438 1817 1549 1890 denuo

510 1917 551 1990 ab
576 1921 660 2016 ipsis
688 1921 791 1988 certis
819 1915 1067 1990 conditionibus
1095 1921 1226 2014 recipit.
1530 1936 1532 1944 ’

246 2073 308 2145 ³0.
360 2071 569 2146 innomine
603 2082 722 2145 sancte
754 2081 790 2142 et
825 2071 995 2144 indiuiduo
1028 2075 1196 2144 trinitatis.
1257 2072 1312 2144 Ad
1351 2073 1552 2166 generatam

169 2183 328 2268 spectare
353 2172 542 2246 dinomitur
565 2173 764 2259 utilitatem,
797 2193 872 2242 cum
896 2175 1061 2244 memoria
1084 2171 1256 2244 bominum
1291 2172 1405 2244 labilis
1439 2175 1485 2246 sit
1516 2183 1554 2245 et

170 2273 360 2364 obliuiosa,
384 2283 421 2346 ut
446 2295 502 2364 ea,
527 2293 592 2367 pue
618 2271 792 2344 modernis
817 2271 1026 2367 temporibus
1059 2281 1204 2364 aguneu
1237 2275 1313 2345 siue
1354 2271 1552 2345 ordinantur

167 2375 484 2468 mgoemtecripto
498 2370 879 2460 ,tirmiterroborentun
903 2393 949 2442 ue
974 2375 1049 2466 qum
1075 2372 1153 2443 nelo
1180 2371 1307 2444 inuidie
1320 2371 1474 2444 inductus
1496 2393 1554 2462 ea,

168 2493 235 2566 que
262 2472 397 2545 fuerunt
420 2472 667 2546 rationabiliter
691 2473 842 2544 instituta
882 2471 939 2542 uel
965 2471 1139 2560 ordinate,
1178 2475 1414 2566 inposterum
1439 2475 1551 2566 possit

167 2575 314 2646 irritare.
364 2571 507 2646 Nouerit
539 2577 653 2668 itaque
686 2581 753 2642 tam
791 2569 894 2642 futuri
930 2593 1028 2665 quam
1055 2574 1224 2666 presentis
1260 2574 1316 2643 eui
1348 2574 1548 2666 posteritas,

167 2671 259 2766 quod
285 2671 393 2744 Sars
418 2671 580 2762 iudaice,
613 2691 754 2745 manens
779 2673 816 2742 in
841 2667 1088 2761 wirceburch,
1122 2691 1259 2743 omnem
1293 2673 1549 2767 proprietatem,

167 2793 267 2865 quem
293 2770 415 2860 babet,
448 2775 579 2844 siccin
605 2775 736 2860 uineis,
763 2771 838 2842 siue
863 2773 898 2842 in
924 2770 1100 2860 domibus,
1131 2775 1166 2842 in
1193 2793 1311 2844 manus
1338 2771 1551 2844 dominorum

166 2869 209 2944 de
237 2893 368 2944 summo
396 2871 541 2961 tradidit,
569 2881 603 2944 et
630 2869 741 2944 denuo
770 2891 845 2942 oum
870 2869 949 2944 tiliis
975 2881 1010 2942 et
1034 2869 1168 2944 filiabus
1195 2875 1267 2943 suis
1294 2893 1369 2944 cem
1395 2871 1437 2942 ab
1463 2873 1549 2965 ipsis

165 2974 310 3066 recepit,
334 2971 436 3042 talem
462 2974 547 3066 ipsis
575 2974 785 3044 constituens
812 2969 1032 3056 oblationem,
1058 2981 1094 3042 ut
1120 2971 1265 3064 singulis
1300 2973 1397 3044 annis
1434 2973 1469 3042 iu
1495 2969 1551 3090 dip

166 3073 276 3144 sancti
300 3071 498 3162 Burcbardi‚
524 3070 679 3165 quamdiu
704 3073 843 3158 uixerit,
869 3079 904 3142 et
929 3075 1026 3166 pueri
1053 3073 1127 3144 eius
1154 3080 1233 3168 post
1258 3081 1403 3144 mortem
1428 3073 1550 3166 ipsius,

166 3169 209 3242 de
234 3167 282 3242 Vl
303 3170 483 3264 jugeribus
508 3175 696 3261 uinearum,
721 3191 787 3264 que
814 3173 879 3242 sita
904 3181 982 3244 sunt
1009 3193 1116 3266 prope
1143 3179 1282 3244 stratam
1305 3193 1428 3244 uersus
1444 3169 1549 3242 Hei-

166 3269 433 3363 dingesvelt
459 3270 501 3343 ad
527 3279 675 3343 montem
703 3269 948 3342 Steinbecb
973 3267 997 3341 l.
1034 3269 1232 3347 maldratem
1266 3273 1369 3342 tritici
1401 3270 1547 3364 persci-

164 3381 257 3458 uant,
285 3369 440 3442 dedomo
458 3373 571 3460 etiam,
597 3391 695 3465 quam
710 3368 882 3459 inhabitat,
908 3393 974 3465 que
988 3371 1147 3464 contigua
1163 3379 1218 3442 est
1232 3369 1346 3442 domui
1360 3367 1550 3441 Heroldi

167 3468 208 3542 de
232 3469 327 3542 Foro
353 3469 384 3542 Π
407 3470 514 3546 libras
541 3493 622 3544 cere
649 3472 818 3542 annuatim
843 3473 879 3542 in
905 3471 960 3542 dic
985 3474 1095 3546 suncti
1119 3469 1253 3547 Nicolai
1281 3472 1474 3557 consuunt,
1511 3479 1547 3542 et

167 3565 336 3642 dedomo
364 3593 425 3644 sua
465 3573 529 3644 sita
565 3591 673 3668 prope
705 3569 814 3664 Rigol
854 3581 949 3644 retro
987 3569 1293 3660 concentorum,
1330 3559 1386 3664 ([1ιί
1418 3567 1547 3642 iaciunt

166 3672 306 3758 corium,
334 3667 424 3764 quod
450 3669 570 3742 dicitur
596 3665 808 3757 corduan,
831 3669 847 3742 1
871 3671 993 3744 iibram
1019 3693 1101 3744 cere
1137 3671 1173 3742 in
1198 3667 1252 3742 die
1280 3669 1389 3742 soracti
1411 3665 1547 3740 Nicolei

165 3771 320 3860 instituit,
347 3779 381 3841 et
405 3781 442 3842 ut
466 3769 533 3843 boc
558 3767 618 3840 tilii
644 3771 698 3842 sui
724 3779 759 3840 et
783 3767 853 3841 iilic
875 3767 938 3843 s'ue
964 3781 1043 3866 post
1068 3779 1213 3841 mortem
1238 3769 1344 3864 ipsius
1364 3765 1547 3862 diligenter

165 3868 353 3943 obserueut
377 3871 583 3961 institutum,
615 3867 703 3940 bane
737 3873 873 3964 inquam
897 3873 1143 3965 proprietatem
1166 3877 1454 3963 promemoratrm
1478 3870 1546 3938 iam

164 3967 252 4041 dieta
278 3969 392 4042 Sara
415 3991 479 4066 per
503 3990 622 4042 manus
635 4012 638 4020 »
653 3967 868 4042 dominorum
900 3969 943 4042 de
975 3968 1258 4044 summouisse
1284 3965 1481 4061 delegauit,
1508 3972 1551 4039 ut

15 4127 28 4190 ¹.
162 4065 222 4141 itii
247 4071 304 4144 sui
328 4067 501 4142 Nathan
525 4079 564 4142 et·
585 4065 737 4160 Viues,
761 4069 916 4144 exclusis
941 4066 1095 4161 iiiabm,
1127 4066 1263 4142 domem
1289 4089 1405 4161 suem,
1441 4087 1550 4163 [11111

1134 4168 1212 4240 22*
