3774 4728
330 469 402 546 426
538 397 540 410 ›
918 459 1138 536 blonumonta

325 673 399 739 ltern
421 676 447 736 si
469 668 587 734 lorium
610 662 758 731 arrideret
792 660 890 727 eidem
919 659 1038 728 domino
1067 667 1190 741 nostro,
1223 655 1304 744 quod
1335 654 1507 742 prevaleret
1533 661 1564 721 in
1597 653 1713 722 eirdbus

324 759 479 843 predictis,
501 761 541 819 lta
565 753 645 837 quod
669 753 706 815 de
730 755 774 814 eis
798 769 942 814 summam
957 755 1093 833 pecunie
1115 747 1228 812 habere
1244 753 1358 829 posset,
1383 744 1421 808 de
1442 750 1508 827 ipsa
1521 748 1650 827 pccuru'a
1670 747 1714 805 sic

324 845 424 910 habite
445 841 530 906 nobis
552 839 710 904 distribuet
732 837 770 901 ad
792 837 949 900 consilium
971 835 1175 918 predictorum
1196 841 1324 916 quatuor
1345 849 1551 914 personarum.
1587 829 1713 910 lnsuper

324 949 380 1014 pro
403 928 548 1011 dampnis,
571 943 741 1008 quecumqe
765 922 927 986 fecerimus
949 929 1045 1000 terre,
1069 920 1211 1002 quicquid
1226 919 1296 998 odii,
1318 921 1455 982 rancoris
1468 915 1714 980 autturbacionis

326 1019 549 1093 incurrerimus,
570 1012 649 1075 idem
673 1009 809 1073 dominus
838 1009 926 1072 simul
957 1025 993 1071 ea
1023 1006 1181 1070 nobiscum
1203 1005 1332 1088 portabit
1363 1010 1394 1066 et
1427 1019 1516 1065 casus
1549 1001 1716 1080 nobiscum,

329 1107 380 1186 qul
401 1105 625 1184 provenerunt,
659 1095 824 1160 sustinebit.
868 1093 907 1155 Vt
928 1102 1027 1157 autern
1049 1097 1195 1175 premissa
1218 1095 1314 1154 omnia
1337 1097 1367 1152 et
1379 1088 1506 1172 singula,
1530 1093 1608 1151 sicut
1628 1092 1715 1150 iura-

326 1194 427 1252 mento
448 1185 604 1263 vallamus,
626 1183 752 1245 tirmiter
774 1180 987 1260 obseruantur,
1008 1185 1167 1264 presentes
1189 1179 1303 1241 litteras
1319 1173 1455 1240 dedimus
1468 1179 1498 1238 in
1514 1178 1716 1238 testinnonium

327 1272 588 1339 confederacionls
611 1275 713 1332 mutue
745 1273 823 1330 inter
852 1264 1003 1330 dominum
1037 1273 1173 1328 nostrum
1206 1269 1381 1346 episcopum
1416 1269 1446 1324 et
1481 1279 1537 1324 nos
1568 1265 1716 1343 perpetuo

327 1359 480 1437 durature,
504 1362 529 1421 si
565 1357 672 1419 llorum
694 1359 864 1417 nostromm
887 1357 1049 1416 munimine
1071 1351 1238 1416 roboratas.
1281 1350 1389 1413 Datum
1421 1364 1500 1410 anno
1523 1345 1634 1408 domini
1656 1345 1705 1408 Μ’·

328 1443 385 1514 GC.
407 1443 506 1526 LXV,
582 1441 628 1504 lll.
653 1437 798 1504 kalendas
821 1437 900 1503 tutti.

537 1610 719 1697 Appendent
740 1610 800 1674 duo
824 1609 965 1694 sigillum,
989 1628 1118 1692 quorum
1140 1612 1268 1690 primunr
1289 1604 1379 1670 valde
1400 1607 1518 1672 laesum
1538 1609 1596 1671 ost.

537 1727 655 1794 Editum
677 1731 709 1792 in
730 1722 877 1812 Ludewig
896 1723 1016 1810 Reliqu.
1062 1723 1197 1794 blanusc.
1220 1720 1256 1789 ll.
1279 1717 1353 1790 232.

924 2127 1130 2206 cccliiii.

670 2333 758 2398 Anno
784 2327 888 2413 tate,
914 2327 965 2394 11.
984 2330 1066 2413 iulii,
1087 2335 1118 2394 in
1140 2327 1397 2398 Broaotdesharm.

329 2521 466 2617 lringus
503 2519 757 2618 herbipolensis
791 2523 975 2618 episcopus
1009 2517 1116 2592 nobili
1150 2520 1229 2591 viro
1256 2517 1415 2592 Conrado
1450 2517 1492 2590 de
1526 2517 1718 2614 Trimpero,

331 2625 563 2696 assistentiam
590 2619 656 2696 sibi
679 2625 890 2718 promittenti
916 2629 1037 2693 contra
1074 2622 1172 2693 cives
1199 2618 1463 2717 herbipolenses
1497 2627 1532 2690 ct
1563 2622 1718 2714 ipsorum

330 2722 576 2813 auxiliatores,
614 2745 676 2819 pro
715 2733 851 2795 centum
875 2723 1000 2795 marcis
1027 2722 1161 2814 argenti
1191 2723 1226 2792 in
1266 2719 1452 2793 subsidium
1487 2740 1717 2816 expensarum

331 2822 442 2896 eidem
468 2825 667 2916 assignatis,
693 2833 828 2896 centum
863 2834 899 2895 et
924 2824 1165 2917 quinquaginta
1197 2819 1326 2892 maldra
1352 2819 1501 2915 siliginis
1526 2823 1561 2892 in
1587 2819 1716 2893 allodio

330 2926 365 2998 iu
389 2922 523 2997 Rieden
563 2933 599 2996 et
634 2926 669 2995 in
705 2921 847 2996 decimis
884 2925 919 2996 in
957 2920 1251 2995 Widoldeshuseu
1286 2931 1321 2994 et
1345 2919 1535 2996 Edeleiben
1570 2919 1717 3018 singulis

772 3026 870 3097 aunis
896 3023 1113 3120 percipienda
1140 3021 1279 3117 obligat.

432 3195 456 3266 l.
486 3194 541 3268 dei
567 3197 686 3290 gracia
711 3195 966 3293 herbipolensis
979 3198 1162 3293 episcopus
1177 3194 1377 3269 confitemur
1391 3203 1427 3268 et
1440 3203 1557 3268 notum
1571 3193 1716 3270 lecimus

330 3298 493 3370 vuuersis
518 3295 607 3369 benc
631 3297 779 3370 litteram
804 3300 1020 3393 inspecturis,
1048 3296 1139 3392 quod
1164 3319 1240 3368 cunr
1255 3296 1382 3370 nobilis
1408 3299 1464 3368 vir
1484 3294 1716 3370 Conradus

331 3396 373 3469 da
400 3396 638 3494 Trimpero
661 3397 763 3471 uobis
789 3396 936 3471 fideliter
963 3409 1077 3471 astare
1103 3401 1317 3496 promitteret
1341 3395 1407 3470 fide
1433 3397 1716 3494 dataetprestito

326 3501 521 3592 juramento
549 3508 669 3570 contra
707 3501 802 3573 ciues
836 3497 1097 3595 herbipolenses
1135 3508 1170 3570 et
1207 3501 1358 3594 ipsorum
1393 3497 1613 3589 auxiliarios,
1649 3518 1716 3572 nos

331 3599 398 3694 ipsi
424 3601 458 3670 in
485 3595 669 3670 subsidium
698 3622 947 3696 expensarum,
986 3622 1069 3694 quas
1096 3603 1129 3671 in
1155 3601 1284 3670 nostris
1311 3601 1469 3673 seruiciis
1496 3621 1573 3670 cum
1597 3599 1717 3671 lucere

332 3701 553 3793 contingerit,
579 3709 713 3772 centurn
730 3723 864 3774 marcas
880 3703 1013 3794 argenti
1036 3699 1119 3772 dare
1135 3701 1365 3794 promisimus,
1390 3721 1453 3796 pro
1468 3699 1587 3795 quibus
1604 3698 1717 3772 eidem

333 3797 442 3872 nobili
467 3808 603 3871 centurn
628 3811 663 3872 et
687 3803 927 3896 quinquaginta
953 3798 1082 3872 maldra
1099 3799 1246 3892 siliginis
1273 3803 1306 3871 in
1323 3799 1449 3872 allodio
1466 3811 1600 3891 nostro,
1626 3799 1718 3896 quod

334 3899 455 3972 dicitur
480 3897 686 3972 lorwarc
711 3905 744 3973 in
771 3900 944 3973 Rieden
972 3910 1007 3970 et
1032 3903 1067 3972 in
1093 3899 1234 3973 decimis
1259 3899 1715 3976 nostrisinWidoldes-

333 3999 474 4074 busan
500 4009 536 4072 ct
560 4004 594 4076 in
620 3999 890 4090 Edelciben,
924 4023 1007 4096 qrras
1030 3999 1157 4073 locabit
1181 4011 1295 4073 umen
1327 4011 1448 4075 nostro
1475 4005 1599 4075 nuncio
1625 4024 1715 4099 pre·

335 4109 446 4198 sente,
473 4100 705 4202 deputabimus
733 4112 768 4179 et
794 4099 1020 4204 obligauituus
1046 4103 1145 4194 titulo
1169 4105 1325 4206 pigneris
1352 4107 1448 4204 cunis
1476 4103 1621 4206 singulis
1647 4113 1717 4196 tam
