3774 4728
634 457 850 561 'episcopalus
878 453 1171 561 wirziburgensis.
1517 457 1587 544 lbi

205 647 530 736 llilthcbrandi
557 664 673 740 militis
701 665 777 739 dicti
805 665 846 740 de
872 665 1016 742 Laden
1050 677 1085 740 et
1122 669 1307 740 amicorum
1334 689 1473 741 suorum
1499 667 1590 743 bona

207 763 241 830 in
269 758 469 856 llimpirr‚
505 765 682 838 soluancia
710 791 775 840 sex
814 767 941 838 maldra
981 769 1127 862 siliginis
1168 769 1362 856 annuatim,
1399 759 1587 863 qae'ldem

205 859 566 936 llilthebrandus
594 889 613 937 a
639 865 738 938 nobis
766 877 800 940 ct
827 865 867 939 ab
893 868 1042 940 ecclesia
1069 869 1334 940 nostramniori
1355 865 1589 965 herbipolensi

208 965 241 1032 in
269 961 372 1034 leodo
400 963 600 1060 possidebat
624 964 811 1062 hucusque,
836 965 995 1042 iratribus
1023 977 1057 1040 ct
1089 965 1228 1040 inlrrmia
1254 965 1404 1042 domus
1431 966 1587 1064 bospi-

207 1061 314 1136 talis
342 1068 489 1136 sancti
515 1065 733 1140 lobannis
762 1071 794 1138 in
823 1067 1109 1157 wirzeburc,
1150 1070 1238 1140 sicut
1263 1065 1383 1139 obtulit
1422 1091 1464 1140 oa
1500 1071 1589 1165 ipse,

206 1185 272 1235 nos
300 1162 342 1234 de
369 1186 541 1238 consensu
568 1177 603 1240 et
629 1166 777 1240 consilio
801 1171 911 1242 nostri
937 1169 1074 1264 capituli
1107 1167 1316 1242 conferimus
1354 1179 1389 1239 et
1421 1168 1587 1241 donamus

207 1269 240 1335 in
266 1267 509 1358 proprietatem
537 1264 679 1338 libanam
706 1279 740 1338 et
766 1265 956 1340 absolutam
984 1272 1017 1341 in
1044 1277 1242 1364 perpetuum
1268 1266 1311 1338 de
1333 1271 1587 1364 ceteropcasi-

208 1363 339 1453 denda,
378 1369 528 1460 receptis
567 1368 599 1438 in
636 1379 827 1443 restaurum
867 1379 902 1440 at
940 1371 973 1440 in
1014 1370 1358 1464 reconpensationem
1389 1366 1587 1444 eorumdem

207 1463 374 1537 bonorum
402 1487 420 1536 a
448 1463 537 1537 dicto
561 1465 890 1539 Hiltbebrando
918 1466 1025 1540 tribus
1050 1467 1226 1560 iugeribus
1252 1471 1427 1542 uinearum
1450 1489 1587 1542 suarum

208 1568 347 1638 sitarum
372 1564 585 1638 Hocheim
623 1568 657 1639 in
684 1589 827 1662 campo,
868 1571 923 1662 qul
947 1567 1059 1639 Bacb
1085 1567 1226 1658 dicitur,
1264 1567 1354 1662 quod
1391 1571 1587 1642 uinctuma

207 1663 307 1736 nobis
334 1675 369 1736 ct
394 1664 435 1736 ab
462 1665 611 1737 ecclesia
644 1677 763 1741 nostra
801 1671 920 1739 maiori
947 1665 1180 1763 herbipolensi
1213 1667 1293 1740 loco
1332 1667 1586 1766 sepedictorum

207 1762 375 1836 bonorum
400 1768 434 1838 in
459 1763 639 1860 Rimpirr
664 1777 731 1838 tam
758 1771 833 1862 ipse
854 1766 1221 1856 Hiltlrebrandaa
1248 1789 1345 1862 quam
1372 1771 1586 1842 suieuccas-

206 1869 367 1938 sorceio
393 1864 497 1938 leudo
520 1865 743 1962 possidebunt
768 1867 1012 1963 perpetualiter
1050 1889 1139 1938 nuno
1164 1865 1338 1963 deinceps.
1390 1868 1426 1940 ln
1453 1867 1585 1941 condr-

205 1968 389 2037 mationem
412 1968 516 2058 igitur
539 1965 638 2037 buius
663 1977 784 2039 nostre
810 1966 1003 2039 donationis
1029 1977 1065 2038 et
1091 1969 1123 2037 in
1150 1969 1378 2040 testimonium
1399 1973 1586 2065 presentati

206 2065 306 2136 nobis
345 2069 492 2138 restanri
532 2077 728 2163 presentem
765 2067 919 2139 cedulam
957 2089 1060 2163 super
1099 2089 1142 2139 eo
1181 2071 1408 2164 conscriptam
1447 2068 1587 2163 sigillis,

205 2177 325 2238 nostro
354 2175 389 2237 et
414 2168 522 2239 nostri
550 2165 698 2262 capituli
725 2167 868 2240 lecimus
894 2167 1099 2260 diligencius
1128 2170 1327 2240 communiri.
1355 2169 1479 2242 Actum
1496 2191 1584 2240 anno

206 2267 333 2338 domini
358 2264 568 2354 mcctxu,
595 2277 720 2338 octavo
746 2265 910 2339 kalendas
937 2265 1068 2355 Marcii,
1096 2265 1280 2338 indictione
1305 2264 1417 2360 Vnt,
1443 2267 1585 2364 pontili-

206 2377 301 2439 catus
329 2369 437 2438 nostri
463 2388 552 2438 anno
579 2365 638 2437 Xl.
691 2368 816 2440 Testes
842 2387 929 2438 voro
956 2377 1051 2438 sunt:
1078 2367 1199 2462 Bappo
1227 2365 1472 2462 de'l'rimporm
1499 2391 1585 2464 pre·-

206 2469 362 2562 positum
399 2465 604 2538 berhtoldus
631 2465 673 2538 de
701 2465 932 2556 stambere,
965 2465 1139 2555 decanus,
1176 2465 1352 2539 Ganradus
1388 2466 1430 2538 do
1455 2468 1586 2556 Darne,

207 2566 424 2654 scolasticus,
454 2564 629 2638 Cunradus
644 2564 686 2637 de
700 2565 911 2656 Thalolreim
930 2575 1062 2656 cantor,
1082 2562 1257 2638 Ganradus
1270 2564 1312 2637 do
1326 2565 1583 2664 Eukersberge,

208 2667 432 2756 cellerarius,
472 2665 551 2736 Otto
578 2665 619 2737 de
645 2665 870 2756 Lobdebnrc‚
909 2675 1049 2755 custos,
1089 2663 1265 2738 Cunradus
1299 2664 1341 2738 de
1373 2665 1584 2755 Rothenbar‚
1730 2745 1734 2752 ,

206 2769 441 2862 portenarins,
466 2765 693 2859 Manegoldus
719 2766 762 2837 de
787 2764 1024 2856 Nuwennurc,
1050 2766 1244 2862 propositus
1272 2768 1304 2838 in
1330 2764 1473 2860 llauge,
1505 2765 1584 2839 Otto

206 2867 249 2938 de
275 2864 495 2954 tornantem,
522 2864 686 2938 Albertus
712 2865 755 2938 de
781 2860 981 2939 bibdebnrc
1008 2865 1113 2937 etalii
1129 2869 1284 2938 canonici
1300 2865 1584 2964 herbipolenses;

206 2967 316 3062 layci:
357 2965 555 3038 Waltberns
596 2967 694 3038 miles
732 2967 839 3039 dictus
878 2967 957 3056 Gir,
995 2964 1166 3040 Heroldus
1204 2965 1246 3038 dc
1272 2965 1438 3039 Hocheim
1472 2967 1584 3058 milas,

206 3066 398 3140 Gnatbarua
426 3076 460 3138 ct
485 3066 698 3140 lleinbardus
725 3066 766 3138 de
791 3067 1005 3165 Bopbpngen
1032 3065 1155 3140 iratres
1183 3075 1217 3138 et
1247 3065 1304 3140 alli
1331 3067 1581 3164 quamplures.

415 3263 551 3350 Sigillum
572 3265 664 3352 lrlngt
685 3271 787 3350 perdt3
810 3267 940 3352 sigillum
963 3265 1082 3350 capituli
1104 3265 1259 3350 appendat.
