3794 4722
913 477 1132 550 blonumenta

979 787 1076 860 CLV.

801 956 888 1018 Anno
914 952 1004 1020 1196.
1033 953 1072 1018 18
1093 954 1236 1020 Februar.

331 1135 526 1210 celestinus
561 1162 645 1234 papa
678 1135 724 1210 lll
765 1143 939 1213 canonicis
974 1139 1313 1234 wirzeburgensibus
1348 1135 1525 1210 confirmet
1557 1137 1711 1232 predium

330 1239 365 1308 in
390 1237 557 1310 Hooheim
594 1250 629 1310 et
661 1239 851 1328 Hetensat,
896 1240 986 1334 quod
1011 1239 1183 1313 Heroldus
1216 1237 1382 1336 quondam
1421 1235 1713 1330 wirzeburgensis

609 1343 791 1433 episcopus
820 1339 860 1412 ab
887 1341 1039 1413 ecclesia
1064 1343 1258 1434 maguntina
1285 1347 1425 1410 emerat.

432 1507 696 1580 celestinus
730 1513 913 1606 episcopus
951 1533 1073 1586 seruus
1110 1531 1288 1582 seruorum
1325 1508 1390 1580 dei.
1454 1508 1598 1580 Dilectis
1633 1507 1711 1579 liliis

330 1611 504 1680 canonicis
542 1607 881 1702 wirzeburgensibus
921 1610 1065 1684 salutem
1107 1621 1142 1682 et
1169 1607 1393 1706 apostolicam
1428 1607 1712 1682 benedictionem.

328 1707 436 1780 Justis
463 1711 647 1802 petentium
674 1707 854 1782 desideriis
882 1707 1020 1804 dignum
1047 1720 1101 1781 est
1125 1733 1190 1782 nos
1216 1709 1353 1780 facilem
1380 1707 1525 1804 prebere
1553 1731 1711 1780 eonsen-

330 1828 403 1879 sum
431 1817 466 1878 et
485 1817 577 1893 uota,
604 1831 669 1902 que
685 1832 703 1880 a
718 1811 860 1882 rationis
876 1813 1009 1882 tramite
1023 1833 1092 1882 non
1108 1809 1313 1896 discordant,
1341 1807 1463 1880 ellectu
1479 1818 1711 1904 prosequente

332 1906 516 2002 complere.
569 1908 619 1980 Ea
645 1919 786 2004 propter
821 1909 936 1982 dilecti
971 1913 1003 1980 in
1042 1909 1178 1982 domino
1212 1908 1272 1980 srlii
1306 1912 1432 2002 uestris
1459 1911 1557 1980 iustis
1585 1917 1711 2004 postu-

328 2003 511 2080 lationibus
550 2018 649 2101 grato
685 2020 930 2084 concurrentes
970 2032 1116 2082 assensu
1149 2009 1301 2106 predium
1335 2012 1368 2080 in
1393 2007 1605 2080 Hooheim
1625 2006 1651 2099 ¹)
1679 2019 1713 2079 et

326 2103 580 2196 Hetinstat‚
620 2108 710 2202 quod
743 2107 834 2182 bone
869 2113 1035 2182 memorie
1061 2108 1284 2182 Heroides
1323 2108 1491 2204 quondam
1527 2109 1710 2204 episcopus

327 2215 446 2278 uester
480 2210 607 2280 emisse
647 2207 768 2280 dicitur
794 2207 836 2282 ab
872 2210 1022 2282 ecelesia
1048 2211 1263 2304 maguntina,
1301 2212 1388 2280 sicut
1422 2212 1528 2304 ipsum
1557 2211 1646 2280 iuste
1672 2231 1714 2279 ac

328 2303 472 2400 pacifice
506 2307 691 2402 possidetis
731 2319 765 2381 et
801 2311 835 2380 in
874 2313 1044 2382 autentico
1079 2309 1189 2382 ielicis
1231 2307 1479 2381 recordationis
1517 2307 1712 2380 Arnoldi

329 2406 496 2500 quondam
523 2411 709 2501 maguntini
737 2411 984 2505 archiepiscopi
1012 2409 1170 2482 conlecto
1198 2407 1322 2480 exinde
1360 2408 1492 2504 plenius
1520 2411 1714 2480 continetur

326 2503 427 2578 uobis
455 2516 489 2577 et
514 2530 577 2603 per
602 2530 668 2580 vos
694 2509 970 2602 wirzeburgensi
996 2509 1147 2584 ecclesie
1174 2513 1354 2581 autoritate
1384 2511 1592 2604 presentium
1619 2531 1711 2580 con-

326 2601 497 2680 firmamus
525 2619 559 2678 et
584 2611 755 2702 presentis
784 2613 900 2704 scripti
925 2612 1115 2704 patrocinio
1133 2611 1388 2681 communimus.
1427 2605 1474 2678 Vt
1489 2619 1598 2680 autem
1619 2631 1711 2680 con-

323 2701 470 2777 'lirmatio
510 2717 629 2780 nostra
664 2710 827 2778 maiorem
865 2707 1016 2781 obtineat
1052 2707 1241 2780 firmitatem
1280 2710 1482 2780 autenticum
1523 2711 1632 2804 ipsum
1667 2707 1710 2780 de

327 2802 434 2876 uerbo
469 2805 511 2876 ad
545 2803 687 2878 uerbum
721 2811 849 2881 nostris
884 2807 1040 2884 duximus
1075 2809 1199 2882 litteris
1225 2807 1454 2882 inserendum.
1508 2807 1606 2895 Quod
1640 2807 1709 2879 tale

331 2913 402 2974 est:
443 2903 645 2978 innomine
672 2916 790 2978 sancte
819 2918 853 2980 et
879 2907 1049 2982 indiuiduo
1075 2911 1231 2984 trinitatis
1258 2907 1489 2980 Arnoldus
1518 2917 1583 2980 ete.
1612 2905 1710 3002 [vide

328 3024 432 3096 supra
459 3001 605 3099 diploma
632 3027 678 3076 ex
704 3029 792 3078 anno
822 3007 917 3080 1158
944 3008 1006 3082 sub
1032 3007 1100 3081 Nm.
1121 3007 1191 3104 ct]
1240 3007 1331 3082 Nulli
1358 3031 1444 3101 ergo
1473 3013 1611 3080 omnino
1638 3005 1709 3080 ho-

326 3103 450 3173 minum
486 3103 589 3176 liceat
622 3103 710 3176 bane
741 3117 860 3181 nostre
894 3112 1051 3203 paginam
1085 3107 1350 3182 confirmationis
1377 3108 1566 3201 iniringere
1590 3107 1650 3180 vel
1676 3110 1709 3178 ei

327 3223 412 3273 ausu
437 3207 619 3277 temerario
648 3209 829 3279 contraire.
883 3207 997 3304 Siquis
1023 3220 1135 3286 autem
1162 3209 1228 3280 boo
1246 3219 1446 3305 attemptare
1462 3210 1709 3304 presumpserit

325 3299 592 3396 indignationem
619 3309 859 3401 omnipotentis
895 3307 950 3381 dei
988 3319 1022 3381 et
1057 3309 1234 3382 beatorum
1260 3309 1353 3380 Petri
1380 3319 1414 3380 et
1438 3307 1533 3379 Pauli
1560 3317 1708 3403 aposto-

273 3428 276 3442 ·
323 3401 434 3474 lorum
471 3406 545 3477 eius
584 3427 624 3478 se
659 3410 795 3479 nouerit
829 3411 1054 3482 incursurum.
1105 3411 1228 3482 Datum
1266 3409 1423 3482 Laterani
1460 3407 1549 3479 Xlll.
1582 3407 1707 3493 Martii,

325 3500 541 3598 pontificatus
567 3507 677 3580 nostri
704 3529 793 3580 anuo
821 3511 947 3603 quinto.

538 3700 562 3783 ¹)
585 3707 718 3781 Diplorna:
740 3711 876 3770 Noebeim.

529 3873 688 3957 Appendet
708 3875 788 3940 bulla
809 3875 948 3958 plumbea
972 3877 1114 3939 Celestini
1136 3896 1231 3959 papae
1254 3881 1331 3938 tertii
1355 3893 1394 3938 ex
1416 3876 1473 3940 blis
1501 3881 1608 3940 sericis
1622 3877 1705 3939 rubri

534 3967 566 4023 ct
586 3959 655 4024 llari
678 3963 795 4026 coloris.
