3774 4728
580 427 799 526 episcopatus
824 427 1117 524 wlcaibnrgensis.
1472 429 1544 506 213

799 867 912 943 CCIII.
1030 894 1031 897 ’

750 1068 837 1133 Anno
862 1066 954 1134 1222.

163 1252 353 1350 Capitulum
396 1255 537 1326 maioris
579 1255 752 1330 ecclesiae
798 1253 1051 1350 herbipolensis
1087 1275 1151 1352 per
1186 1275 1320 1328 manum
1363 1253 1544 1332 conlr'atris

162 1353 329 1448 Gemugt,
353 1357 469 1426 vicem
495 1353 615 1426 decani
642 1359 810 1451 gerentia
836 1359 963 1428 curiam
976 1356 1130 1430 Amouis
1156 1355 1199 1428 de
1218 1353 1385 1430 llocbeim
1409 1354 1544 1430 Arnoni

161 1459 331 1526 canonico
367 1460 450 1528 novi
475 1461 675 1530 monasterii
711 1480 753 1528 ac
790 1455 1114 1532 fideicommissariis
1160 1459 1235 1528 eius
1270 1457 1406 1530 confert
1435 1456 1546 1530 libere

160 1556 425 1650 possidendam
465 1557 585 1629 salvo·
605 1579 732 1648 censu,
765 1555 928 1628 videlicet
952 1558 1084 1632 muldro
1110 1561 1234 1648 tritici,
1272 1557 1363 1652 quod
1399 1558 1544 1654 singulis

160 1661 259 1729 annis
287 1655 329 1728 tle
355 1656 475 1730 eadem
493 1661 586 1728 curia
601 1659 775 1732 ecclesiae
786 1657 1051 1752 wirciburgensi
1063 1657 1286 1756 persolvitur,
1312 1670 1543 1754 permanente.

259 1827 286 1900 l.
312 1851 346 1900 n.
374 1852 402 1902 s.
429 1851 460 1900 e.
487 1833 508 1900 i.
536 1841 559 1900 t.
600 1829 787 1926 Capitulum
803 1831 942 1904 maioris
958 1827 1378 1924 ecolesielerbipoleusis
1394 1885 1403 1902 .
1422 1884 1457 1902 ..
1485 1829 1541 1904 At

159 1931 363 2002 noticiam..
390 1940 458 2002 tam
484 1927 685 2022 futurorum,
712 1953 810 2026 quam
835 1933 1044 2026 presentium
1057 1927 1183 2004 Christi
1209 1929 1358 2004 bdelium
1383 1930 1542 2006 uolumus

159 2033 356 2126 peruenire,
382 2029 471 2124 quod
495 2033 618 2104 Arno
636 2033 831 2116 ¹canonicus
866 2034 950 2104 novi
982 2033 1182 2104 monasterii
1218 2029 1472 2127 herbipolensis
1510 2042 1546 2104 et

159 2129 285 2202 frames
313 2133 365 2202 sui
391 2142 625 2204 conuenerunt
650 2130 712 2206 sub
737 2130 802 2203 bab
827 2131 951 2223 lorma,
975 2142 1012 2204 ut
1038 2141 1116 2204 aute
1130 2141 1276 2204 mortem
1290 2135 1397 2228 patris
1424 2153 1543 2206 eorum

161 2235 271 2326 quiuis
298 2231 435 2304 illoium
461 2235 534 2320 ius,
569 2231 659 2327 quod
693 2232 838 2306 baberet
870 2235 904 2304 in
938 2235 1032 2305 curia
1067 2231 1208 2326 maclam
1242 2235 1307 2306 sita
1337 2236 1374 2305 iu
1407 2235 1545 2310 ciuitate

160 2329 384 2426 wirceburg,
409 2355 475 2426 que
493 2343 636 2404 uocatur
660 2334 857 2406 Aruouis
884 2331 927 2406 de
953 2332 1178 2422 Hocbeim‚
1204 2336 1402 2428 cuicumque
1426 2333 1544 2426 uellet,

160 2444 283 2528 posset
306 2443 478 2528 potestate
502 2433 612 2504 llbera
640 2433 804 2528 delegare
829 2434 886 2505 uel
912 2432 1084 2524 uendere,
1110 2435 1186 2508 siue
1209 2433 1424 2528 ¹quocumque
1439 2431 1544 2506 modo

160 2533 325 2624 alienare,
350 2532 393 2604 ad
416 2531 505 2628 quod
530 2538 636 2630 patris
664 2535 799 2607 illorum
813 2545 1022 2632 spontancus
1042 2555 1234 2608 consensus
1250 2537 1407 2608 accessit.
1434 2534 1544 2607 Post·

160 2633 295 2706 modum
320 2655 406 2704 uero
431 2633 523 2705 idem
546 2633 666 2706 Arno
694 2638 885 2732 portiones,
911 2658 977 2730 que
1003 2633 1143 2710 fratrem
1169 2656 1266 2706 suum
1288 2633 1541 2710 Bernonem

160 2743 193 2806 et
217 2735 501 2830 Rapotonem
536 2735 696 2826 militem
734 2737 905 2808 sororium
944 2759 1062 2824 suum,
1101 2735 1233 2808 ratione
1269 2737 1402 2812 sororis
1434 2737 1542 2831 ipsius

161 2833 415 2927 contingebant,
442 2833 581 2930 quadam
610 2859 739 2910 summa
777 2839 922 2932 pecunie
957 2838 1166 2932 comparauit
1191 2833 1367 2932 dictusque
1389 2835 1541 2912 Beruo

160 2939 194 3008 in
220 2934 315 3007 lobio
342 2934 431 3008 dicte
458 2939 552 3006 curie
578 2947 655 3008 aute
680 2937 802 3032 pirala⁷
829 2939 917 3009 sicut
942 2945 1098 3028 moueat,
1123 2939 1328 3008 renuntiauit
1343 2959 1418 3028 ore,
1443 2959 1543 3010 menu

159 3047 192 3108 et
218 3035 351 3108 calamo
378 3039 440 3110 iuri
470 3060 544 3108 suo.
591 3037 767 3134 Reputo
783 3059 881 3126 uero7
908 3040 984 3132 quia
998 3059 1125 3132 pueros
1141 3059 1237 3126 suos,
1263 3036 1542 3133 Rapotonem

159 3137 319 3210 uldelicet
345 3147 380 3208 et
404 3137 606 3228 Elsebet
632 3149 813 3234 presentes
826 3159 896 3210 non
918 3135 1044 3228 babuit,
1070 3159 1212 3231 quorum
1228 3147 1319 3210 tutor
1343 3137 1417 3230 luit,
1442 3141 1543 3213 tertia

160 3237 232 3328 ulie³
266 3239 463 3310 conuocatis
497 3237 566 3310 illis
601 3249 679 3310 ante
720 3237 827 3310 altare
862 3249 980 3312 sancte
1004 3237 1112 3310 Marie
1139 3235 1342 3330 Magdalene
1381 3241 1415 3308 in
1448 3261 1541 3312 nouo

159 3342 391 3429 monasterio,
426 3361 492 3410 vna
527 3339 694 3412 cumillis
724 3341 816 3410 omni
849 3341 913 3410 iuri
950 3349 984 3410 et
1018 3336 1218 3433 impetitioui
1259 3339 1293 3410 iu
1332 3335 1541 3433 sepedictam

159 3443 284 3511 curiam
312 3441 520 3510 renuntiavit
544 3437 677 3510 ibidem.
729 3441 895 3514 Preterea
930 3438 1031 3522 iidem
1056 3437 1233 3534 Rapoto
1273 3447 1308 3509 et
1343 3439 1441 3536 pueri
1467 3441 1541 3515 eius

157 3542 381 3636 prenominati
408 3549 442 3610 et
475 3539 724 3612 Heinricus
749 3535 1029 3628 Autumnus,
1067 3542 1207 3610 maritus
1248 3561 1289 3610 ac
1326 3547 1417 3611 tutor
1453 3537 1542 3612 dicte

157 3637 361 3730 Elsebet‚
387 3639 508 3710 dictum
535 3641 578 3712 Α.
596 3637 637 3712 ab
653 3643 862 3736 impetitione
888 3641 1152 3712 Felicitatis
1179 3648 1214 3710 et
1239 3637 1542 3732 lllldegardis,

158 3741 299 3813 luliarum
324 3739 598 3836 Rapotonis‚
626 3743 762 3812 omniuo
790 3743 944 3814 eximere
970 3741 1219 3834 promiserunt,
1246 3741 1275 3810 si
1301 3738 1447 3812 forsitan
1472 3739 1541 3812 ali-

159 3841 289 3937 quando
317 3841 481 3938 perillus
509 3839 725 3936 superdicta
752 3845 845 3914 curia
871 3841 1016 3935 aliquam
1035 3842 1168 3912 moueri
1199 3841 1416 3932 contingeret
1450 3863 1541 3935 que-

160 3948 314 4018 stionem.
366 3943 451 4018 Post
475 3941 540 4012 bec
565 3964 699 4038 quoque
725 3965 800 4014 cum
825 3939 1071 4031 beroldus,
1096 3939 1202 4012 irater
1229 3937 1307 4012 dicti
1332 3942 1540 4034 Armenia,

159 4047 191 4116 iu
217 4043 319 4117 domo
345 4065 469 4118 uersus
493 4045 529 4114 in
553 4045 674 4116 maiori
700 4043 864 4134 ecclesia,
888 4043 1118 4116 Henricus
1145 4063 1292 4146 quoquc,
1317 4039 1424 4114 irater
1446 4063 1541 4136 suus,
