3776 4730
593 475 812 580 episcopatus
836 477 1130 585 uqirniburgeusis.
1485 472 1557 589 ddi

177 676 330 754 eiusdem
356 683 641 776 recognoscimus
670 693 792 758 tenore
816 687 1032 782 presencium
1072 693 1107 756 et
1140 683 1182 758 ud
1217 685 1372 772 notitiam
1396 684 1557 782 mittimus

174 781 384 871 murorum,
424 781 514 880 quod
551 786 624 878 pari
651 783 798 859 consilio
838 795 873 876 et
908 788 1056 856 unanimi
1090 807 1286 875 consensu,
1329 781 1557 888 consideretis

175 881 320 954 diuersis
344 881 588 954 turbationibus
616 893 651 955 et
677 883 964 976 destructionibus
991 884 1164 977 ecclesie,
1199 888 1345 958 ciuitatis
1380 905 1420 956 ac
1447 887 1558 956 tocius

175 981 338 1078 dyocesis
365 993 528 1054 autterre
554 994 589 1055 et
600 1005 772 1080 perpenso
792 976 1005 1094 singulorum
1021 984 1153 1058 honore
1167 995 1201 1056 et
1216 983 1374 1080 utilitate,
1399 983 1558 1078 uolentes

175 1086 277 1154 etiam
303 1086 453 1154 maiores
479 1081 697 1157 turbaciones
733 1083 885 1157 deuitare
918 1085 977 1158 uel
1003 1107 1192 1182 precauere
1219 1083 1285 1159 deo
1313 1081 1499 1159 auxitiante
1525 1093 1561 1154 et

174 1183 305 1256 futuras
331 1181 581 1258 destructiones
607 1188 681 1256 siue
708 1184 971 1259 deuastecioncs
999 1186 1171 1277 ecclesie,
1207 1188 1353 1258 ciuitatis
1388 1195 1423 1258 et
1447 1185 1558 1258 tocius

175 1281 338 1379 dyocesis
365 1293 421 1356 aut
446 1294 539 1356 terre
565 1284 730 1377 quandam
758 1285 1082 1372 confederacionem
1108 1289 1183 1360 siue
1192 1295 1326 1384 pactum
1335 1283 1403 1370 sub
1422 1286 1559 1358 unionis

174 1383 272 1456 titulo
298 1383 442 1457 fecimus
468 1394 504 1454 et
528 1387 687 1458 iniuimus
712 1385 780 1457 boc
803 1385 930 1477 modo,
956 1385 1046 1482 quod
1071 1409 1138 1461 nos
1163 1385 1307 1482 predicti
1330 1385 1400 1458 Al.
1426 1407 1560 1481 prepo-

174 1485 276 1574 situs,
302 1483 339 1556 S.
367 1482 516 1558 decenus
543 1494 717 1558 actutum
743 1486 926 1582 capitulum
952 1489 1143 1565 iuramento
1169 1486 1318 1578 manuali
1343 1489 1560 1582 promisimus

176 1595 211 1655 et
234 1586 460 1680 promittimus
488 1593 524 1656 et
549 1582 614 1658 biis
640 1589 675 1656 in
699 1585 822 1660 litteris
848 1609 915 1660 nos
942 1589 1163 1682 astringimus
1198 1589 1286 1683 ipsis
1307 1589 1342 1664 iu
1369 1589 1461 1658 omni
1486 1589 1561 1658 iure

176 1705 239 1758 suo
267 1683 369 1756 etad
395 1685 521 1775 omnia,
547 1707 614 1779 que
639 1688 727 1758 iusta
753 1697 892 1761 suntet
917 1689 1051 1760 ratione
1077 1685 1203 1782 digno,
1237 1695 1352 1762 astare
1377 1689 1423 1758 ita
1463 1707 1562 1776 saue,

176 1787 207 1858 si
233 1783 389 1858 domiuus
416 1787 599 1880 episcopus
636 1785 694 1858 uel
727 1785 794 1858 ulia
825 1807 978 1884 persona
1014 1790 1090 1862 siue
1123 1786 1191 1860 alie
1216 1786 1470 1884 qualescunque
1494 1789 1562 1858 iem

177 1884 287 1960 dictos
321 1884 484 1960 consules
523 1894 579 1957 uut
615 1887 876 1960 uniuersitatem
902 1889 1025 1959 ciuium
1064 1898 1184 1961 coutm
1220 1889 1389 1962 iusticiam
1422 1884 1563 1960 turbare

179 1995 236 2058 aut
260 1987 426 2082 impetere
451 1983 560 2058 uellet
573 1987 859 2082 quoquammodo,
887 1987 1118 2064 admonitione
1143 1989 1362 2063 nostretrina
1380 1989 1562 2084 premissa,

182 2089 214 2160 si
239 2084 395 2160 dominus
421 2087 604 2182 episcopus
632 2096 689 2158 aut
713 2109 864 2182 persona
890 2087 957 2159 alia
983 2087 1041 2160 uel
1060 2084 1135 2161 'alie
1150 2089 1415 2184 qualescumque
1440 2111 1461 2159 a
1483 2098 1562 2158 tur-

178 2185 325 2260 bacione
350 2184 408 2258 uel
434 2188 642 2281 inpeticione
676 2187 824 2260 indebite
851 2188 1032 2260 consulum
1069 2211 1111 2260 ac
1150 2190 1380 2277 uniuersitatis
1420 2208 1567 2275 cessare

178 2297 236 2360 aut
261 2286 430 2360 desistere
456 2285 590 2378 nollet,
629 2297 664 2359 et
705 2285 746 2357 ab
783 2289 867 2387 ipsis
907 2291 1074 2361 iusticiam
1110 2289 1275 2391 recipere,
1307 2294 1341 2358 et
1379 2297 1569 2390 acceptaque¹

177 2397 375 2477 rennueret,
400 2407 466 2460 nos
493 2409 540 2458 ex
563 2397 644 2459 tunc
669 2389 752 2482 ipsis
778 2385 958 2463 consilium
986 2398 1020 2459 et
1047 2387 1210 2563 aqui5um¹
1233 2411 1297 2482 pro
1317 2389 1562 2490 ppssqnpst'qp

177 2486 324 2560 fideliter
354 2509 445 2558 nunc
485 2495 520 2558 et
557 2488 800 2582 imperpetuum
842 2485 1076 2590 inpendemus.
1162 2509 1256 2560 erum
1297 2508 1362 2559 nos
1397 2485 1562 2582 sepedicti

179 2587 342 2662 consules
369 2609 411 2658 ec
436 2595 507 2658 tota
531 2589 737 2660 mriuersitus
764 2584 908 2658 dominis
935 2589 1133 2662 memoretis
1159 2585 1322 2658 videlicet
1338 2585 1476 2660 domino
1496 2587 1561 2659 At.

178 2691 370 2786 preposito,
396 2684 433 2760 S.
460 2685 592 2759 decano
617 2689 747 2781 totique
774 2685 921 2781 cepituio
947 2686 1049 2761 modo
1084 2699 1120 2761 et
1145 2687 1257 2760 iorma
1280 2685 1447 2782 prelibata
1473 2709 1562 2782 pro-

179 2792 333 2864 misimus
360 2797 396 2860 et
437 2789 661 2882 promittimus
698 2809 765 2858 nec
797 2809 866 2858 non
903 2809 966 2882 per
1006 2799 1188 2882 presentes
1220 2810 1286 2860 nos
1320 2785 1562 2881 adstringimus

179 2892 215 2962 in
241 2891 345 2962 omni.
359 2891 433 2958 iure
459 2909 523 2960 suo
539 2898 586 2958 et
611 2887 653 2958 ad
689 2888 828 2978 omnia,
868 2907 932 2980 que
968 2890 1057 2960 insta
1099 2899 1134 2960 et
1171 2891 1311 2960 radone
1350 2897 1428 2960 sunt
1460 2887 1564 2982 digna

180 2988 335 3074 fideliter.
354 2997 469 3060 astare
496 3010 537 3058 ec
562 2987 659 3083 ipsos
684 2989 786 3076 tueri,
812 2997 848 3059 et
872 2985 937 3059 bec
963 2991 1076 3060 omnia
1103 2992 1178 3060 sine
1204 3010 1324 3060 uara.
1377 2986 1424 3060 Vt
1450 2995 1563 3062 autem

180 3088 248 3164 bec
293 3089 470 3162 remissio.
493 3089 573 3160 siue¹
606 3089 687 3160 uuio
725 3087 805 3160 binc
840 3086 918 3160 inde
958 3097 1025 3159 tam
1064 3087 1213 3164 discnete
1252 3087 1406 3162 ordinate
1437 3088 1565 3183 liqueat

182 3111 359 3279 ominibus,
397 3197 432 3260 et
457 3187 549 3259 nulla
575 3187 701 3260 exinde
737 3186 853 3260 valeat
878 3191 962 3262 oriri
992 3193 1135 3262 materie
1160 3187 1343 3278 discordie,
1368 3198 1565 3285 presentem

181 3291 342 3387 peginam
367 3286 484 3380 sigillo
510 3291 620 3362 nostri
644 3287 779 3384 cepituli
807 3287 979 3381 etsigillis
992 3287 1218 3378 dominorum,
1243 3300 1364 3362 nostro
1387 3287 1565 3380 uidelicet,

183 3389 242 3462 Al.
269 3390 457 3486 prepositi,
499 3387 535 3459 S.
562 3388 702 3478 decani,
744 3387 782 3460 O.
815 3391 988 3478 cantoris,
1027 3389 1072 3462 bi.
1107 3388 1150 3461 de
1175 3387 1414 3477 Numenium,
1446 3387 1484 3462 1..
1522 3388 1566 3461 de

184 3488 341 3579 Giicbem
366 3488 447 3561 Her.
476 3486 754 3578 descensibus,
792 3488 829 3559 F.
857 3485 899 3558 de
928 3486 1158 3582 Hohenbum,
1194 3489 1235 3561 H.
1264 3489 1307 3560 de
1330 3487 1566 3582 Heldrungen,

185 3593 247 3664 Ar.
276 3587 319 3662 de
345 3585 592 3684 Spienesbeim
618 3587 717 3660 Wer.
746 3587 788 3659 de
816 3585 1060 3679 sconenberc,
1086 3587 1122 3660 1..
1150 3588 1194 3661 de
1218 3587 1388 3678 nasseto.
1412 3587 1495 3662 Her.
1523 3587 1573 3674 de*

185 3689 356 3785 wilperc,
381 3687 422 3760 K.
450 3687 492 3758 de
519 3687 689 3778 Stelberc‚
714 3687 755 3760 H.
783 3688 825 3761 de
851 3685 1051 3778 Wechmm,
1077 3688 1158 3762 Her.
1187 3688 1230 3761 de
1254 3687 1440 3783 antheicn
1463 3685 1501 3760 1..
1522 3687 1568 3760 de

185 3788 403 3879 Hubenberm
428 3787 491 3860 Ar.
519 3787 561 3861 de
587 3787 827 3878 Vssencbeim
853 3787 948 3860 Wol.
976 3786 1019 3861 de
1029 3787 1169 3879 Linacb,
1193 3788 1251 3867 At.
1280 3787 1567 3880 debewensteim

186 3892 341 3984 magistri
355 3888 561 3984 Gre[gorii]‚
587 3891 742 3982 magistri
753 3889 795 3961 R.
810 3887 852 3960 de
862 3887 1060 3977 Hnrnbeim
1074 3887 1115 3961 ld.
1131 3887 1173 3961 de
1189 3887 1387 3978 Stemberr.
1412 3891 1568 3983 magistri

160 3989 242 4064 ·vt
270 3989 313 4062 de
337 3987 498 4077 liniendo,
530 3990 609 4062 Ber.
647 3988 689 4059 de
714 3987 878 4079 Nitberc,
902 3988 942 4060 Β.
970 3988 1012 4062 de
1038 3987 1290 4079 Quereniurts,
1314 3987 1374 4060 W..
1400 3987 1567 4079 custodis,

188 4093 343 4188 magistri
368 4089 422 4162 Jo.
450 4086 494 4160 de
518 4088 735 4180 Halberstut,
760 4099 796 4164 et
822 4087 939 4185 sigillo
967 4091 1113 4194 ciuitatis
1138 4087 1282 4203 iecimqs
1310 4091 1499 4191 conmuniri
1524 4087 1566 4168 at
