3838 4728
622 489 839 588 episcopatus
865 487 1159 589 wimibmgensis.

831 799 962 878 (31th.

494 1001 501 1024 ·
598 973 685 1038 sano
710 969 820 1057 seeo,
845 971 895 1040 ss.
917 973 998 1058 un,
1019 970 1180 1060 herbipol.
1263 924 1264 928 Ὺ

197 1126 381 1204 Bertoldus
407 1125 660 1225 herbipolensis
679 1135 877 1228 episcopus,
902 1133 945 1207 ad
956 1131 1225 1230 recuperandum
1239 1129 1581 1208 cestrumbauwen-

199 1232 316 1322 stein,
354 1227 520 1304 Bertoldo
561 1233 726 1328 episcopo
762 1231 1038 1330 babenbergensi
1075 1234 1193 1310 vendit
1226 1243 1375 1312 crstmm
1407 1253 1505 1308 suum
1543 1233 1579 1304 in

726 1331 1059 1427 Sehonenbrunncm

297 1458 540 1532 hertoldus
568 1458 623 1532 dei
648 1464 757 1556 gratia
783 1461 1035 1558 herbipolensis
1071 1461 1222 1535 ecclesie
1248 1465 1430 1561 episcopus
1456 1469 1579 1532 tenore

197 1564 405 1656 presentium
431 1563 716 1654 recognoscimus
743 1573 778 1634 et
803 1559 845 1633 sd
869 1565 1031 1634 noticiam
1056 1571 1124 1636 tum
1143 1565 1352 1660 presentium
1369 1583 1466 1656 quern
1481 1559 1578 1631 futu-

198 1681 313 1734 rorum
338 1659 474 1758 publice
499 1661 762 1757 proclamemus,
788 1663 877 1758 quod
903 1683 979 1741 eum
1006 1672 1155 1736 castrum
1179 1667 1334 1738 nostrum
1360 1661 1578 1734 beuwen-

200 1763 335 1853 stein,
370 1771 492 1834 nostro
532 1767 651 1858 precio
690 1773 952 1860 comperetum,
974 1771 1116 1838 assato
1153 1761 1254 1836 nobis
1281 1761 1455 1860 inopinatu
1495 1781 1579 1833 casu

199 1861 393 1952 alienatum,
418 1881 483 1936 noe
510 1859 552 1934 ed
577 1861 845 1958 recuperandum
866 1861 957 1936 idem
970 1874 1119 1936 castrum
1134 1863 1314 1938 consilium
1330 1855 1578 1936 honorabilium
1614 1914 1618 1923 »

200 1965 353 2034 virorum
378 1961 637 2056 hleuegoldi
661 1965 851 2060 prepositi,
881 1961 1066 2036 Alberti
1103 1961 1224 2036 decem
1259 1964 1436 2060 tociusque
1468 1953 1578 2036 nostri

200 2061 336 2160 capituli
362 2059 599 2158 querebamus,
626 2061 744 2158 quibus
769 2074 850 2160 post
875 2061 1034 2138 diuersos
1060 2073 1223 2138 tractatus
1250 2073 1285 2136 et
1309 2067 1423 2140 uarius
1437 2055 1589 2134 disons-·

200 2165 319 2236 siones
344 2159 502 2236 hincinde
527 2161 661 2236 habitos
687 2167 797 2236 uisum
823 2163 886 2235 luit
912 2163 1078 2256 omnibus,
1106 2185 1204 2260 quma
1218 2163 1396 2262 plurimum
1414 2157 1590 2258 expedire'

199 2265 457 2358 recuperacioui
483 2259 562 2334 dicti
588 2263 691 2336 castri
716 2285 779 2359 per
803 2262 1041 2336 uendicionem
1090 2273 1265 2362 erpetuem
1291 2265 1518 2338 castrinostri
1543 2261 1578 2333 in

202 2359 618 2436 Sobonenhrunnen
645 2370 680 2434 st
705 2367 955 2436 attinentierum
982 2287 1155 2456 eiusdem,
1181 2383 1265 2460 quas
1289 2365 1433 2460 pecunie
1458 2369 1578 2462 nostra

201 2465 485 2560 compareuimus,
510 2466 640 2536 cautius
654 2471 688 2536 et
704 2459 872 2536 salubrius
887 2461 1073 2560 prouideri,
1099 2463 1352 2562 propterquod,
1364 2461 1577 2536 attendentes

198 2571 377 2658 mgentem
400 2565 643 2637 necessitatem
670 2565 740 2635 eris
776 2563 898 2652 alieni,
933 2561 1151 2636 considerato
1184 2559 1423 2638 nichilominus
1456 2571 1576 2635 nostre

200 2661 352 2737 ecclesie
378 2662 526 2736 comodo
560 2673 596 2734 ct
627 2659 808 2758 proiectu,
846 2659 1039 2736 venerabili
1075 2665 1111 2736 iu
1139 2655 1275 2736 Christo
1312 2667 1399 2760 petri
1437 2661 1575 2733 domino

198 2760 414 2836 Bertoldo
427 2761 711 2858 babinbergensis
723 2762 874 2835 ecclesie
889 2767 1054 2860 episcopo
1066 2766 1176 2858 ipsum
1186 2771 1334 2836 cestrum
1344 2759 1369 2836 S
1380 2758 1575 2835 chonen-

199 2859 399 2936 brnnnen
437 2885 512 2935 cum
546 2866 618 2938 suis
656 2863 839 2936 attinentiis
880 2883 943 2962 pro
978 2865 1097 2960 precio
1139 2873 1380 2938 sexcentarum
1415 2859 1577 2936 librarum

198 2961 421 3056 ballensium,
446 2967 697 3037 interueniente
724 3018 758 3036 ..
784 2967 950 3060 propositi
976 3017 1011 3035 ..
1040 2963 1161 3038 decani
1196 2972 1230 3035 et
1267 2961 1403 3062 capituli
1435 2961 1576 3060 predic-

199 3074 310 3138 torum
335 3063 511 3138 uoluntate
536 3068 664 3162 pariter
690 3073 725 3136 et
741 3083 927 3156 consensu,
950 3061 1143 3154 uendimus,
1169 3063 1332 3139 donamus
1347 3073 1382 3138 et
1401 3063 1577 3158 tradimus,

200 3163 289 3261 quod
315 3163 448 3262 quidem
471 3167 624 3266 precium
650 3185 715 3237 nos
742 3162 941 3238 confitemur
967 3156 1139 3254 habuisse,
1166 3167 1345 3260 recepisse
1372 3187 1413 3237 ac
1438 3168 1474 3238 in
1492 3185 1575 3240 usus

198 3265 480 3340 nostreecclesie
496 3265 723 3356 conuertisse,
748 3269 989 3339 renunciantes
1004 3268 1199 3362 exceptioni
1210 3279 1281 3337 non
1292 3273 1481 3358 numerate,
1506 3285 1577 3337 non

200 3365 313 3441 solute
338 3368 484 3462 pecunie
509 3375 545 3437 at
571 3368 662 3440 omni
687 3367 771 3438 iuris
797 3365 1027 3456 amminiculo,
1052 3356 1279 3437 canonieluel
1292 3362 1416 3457 cimbis,
1440 3368 1576 3461 ipsum-

199 3489 266 3562 que
292 3477 440 3541 castmm
467 3463 885 3539 Sobonenbrunnen
922 3476 958 3538 et
996 3485 1077 3538 suos
1117 3467 1310 3540 attinentias
1342 3469 1378 3538 in
1409 3465 1577 3561 prelatum

122 3637 127 3646 .
200 3566 370 3640 dominnm
396 3567 592 3662 episcopum
618 3563 926 3659 babinbergensem
960 3575 995 3636 et
1028 3572 1124 3639 sueni
1150 3557 1335 3640 ecclesiam
1371 3587 1447 3640 cum
1471 3565 1575 3662 pleno

199 3688 313 3740 rerum
349 3666 498 3740 domimo
533 3665 802 3756 transferentes,
836 3686 879 3736 eo
914 3666 1009 3756 iure,
1046 3686 1112 3759 quo
1145 3687 1210 3740 nos
1236 3669 1507 3762 compareuimus
1541 3674 1578 3736 et

199 3767 414 3864 possedimus
440 3767 512 3858 illa,
536 3769 702 3864 perpetim
718 3761 936 3860 possidenda.
961 3762 1000 3836 ln
1014 3767 1109 3838 cuius
1124 3767 1418 3840 reitestimonium
1431 3785 1576 3861 presens

200 3871 361 3966 scriptum
387 3877 508 3942 nostro
535 3877 571 3938 et
596 3865 734 3963 capituli
752 3867 863 3940 nostri
878 3863 1003 3960 sigillis
1023 3862 1237 3940 roboramus.
1263 3867 1386 3938 Datum
1400 3863 1577 3962 llerbipoli

200 3989 290 4042 anno
300 3967 425 4044 domini
435 3965 680 4059 dcclxxii,
697 3963 805 4062 pridie
816 3963 892 4043 idus
905 3964 998 4059 iulii,
1012 3963 1227 4062 pontificatue
1241 3969 1449 4042 nostrionno
1462 3975 1574 4044 sexto.

409 4109 590 4195 Appendcnt
609 4107 670 4176 duo
692 4107 799 4196 sigilla
