3776 4730
306 469 382 544 468·
880 467 1097 544 Monumenta

307 694 373 768 que
413 681 557 746 vocatur
592 671 737 764 Longi
777 671 974 745 Gunradi
1011 676 1046 744 in
1072 673 1315 771 Herbipoli
1350 677 1621 763 astrinxissent,
1663 679 1696 743 et

306 795 475 870 processu
502 777 666 867 temporis
685 793 768 845 cum
795 771 955 862 iamdicti
981 779 1178 870 prepositus
1205 786 1253 848 et
1248 795 1400 850 sorores
1414 785 1556 871 propter
1570 772 1693 845 melum

307 883 430 948 statum
456 883 549 944 terre
577 895 623 944 ex
649 876 785 965 guerris
811 871 985 968 pluribus,
1020 897 1085 968 que
1120 877 1309 974 episcopali
1333 875 1431 949 selle
1458 883 1606 948 vacante
1633 895 1694 945 sue

307 973 461 1046 ecclesie
484 972 733 1064 mouebantur,
767 975 865 1055 inmo
905 972 1024 1068 qutibus
1052 980 1184 1048 exstitit
1217 987 1288 1049 tota
1315 987 1407 1050 terra
1435 983 1622 1072 occupata,
1655 972 1696 1044 ad

279 1093 465 1168 ‘magnam
492 1096 605 1146 rerum
632 1077 807 1169 penuriam
835 1073 979 1146 deducte
1005 1080 1254 1170 possessiones
1292 1099 1373 1149 suas
1399 1077 1554 1148 vendere
1581 1095 1697 1167 coge-

305 1187 424 1246 rentur
466 1185 501 1246 et
538 1177 662 1246 curiam
705 1196 821 1245 earum
858 1177 971 1258 sitam
997 1178 1031 1246 in
1057 1173 1301 1272 Herbipoli
1341 1176 1462 1248 dictam
1501 1172 1697 1248 Cunrodi

306 1275 466 1368 Longi,
494 1273 627 1368 deque
655 1283 692 1345 vt
712 1273 905 1369 predictum
932 1285 987 1347 est
1014 1275 1155 1348 soluere
1181 1277 1385 1349 tenebantur
1411 1277 1439 1349 11
1476 1275 1604 1348 talenta
1630 1273 1697 1345 de-

310 1378 496 1464 nariorum,
541 1374 777 1447 vendidissent
816 1373 925 1470 tptulo
968 1379 1187 1470 proprietatis
1216 1377 1420 1467 Ma'keln‚
1465 1375 1698 1465 Abrabann

307 1475 527 1546 Vrezelin
556 1485 590 1546 et
616 1473 863 1566 Ansbelmo
890 1471 960 1546 filio
989 1498 1078 1566 suo,
1104 1475 1243 1567 iudeis,
1276 1490 1310 1550 ct
1337 1481 1487 1573 ipsorum
1513 1475 1697 1548 heredibus

309 1574 570 1670 possidendam:
598 1597 663 1646 nos
681 1574 721 1645 ad
738 1575 925 1669 supplicem
942 1575 1169 1669 predictarum
1187 1600 1346 1650 sororum
1362 1580 1562 1650 instanciam
1577 1575 1698 1648 dictam

309 1678 436 1746 curiam
465 1673 658 1746 Gunradi
685 1675 828 1767 Longi
855 1675 897 1746 de
925 1675 1106 1748 solucione
1145 1675 1288 1750 duorum
1313 1678 1518 1750 talentorum
1545 1679 1698 1772 premis-

310 1797 426 1848 sorum
455 1773 496 1844 eb
523 1777 734 1868 impetitione
762 1773 897 1846 sculteti
921 1785 955 1845 ct
977 1774 1155 1846 'bominum
1183 1777 1225 1850 de
1251 1777 1605 1872 Heitingesuelt
1632 1775 1698 1846 ab·

311 1875 477 1948 soluimus
505 1885 540 1944 et
566 1875 688 1948 litteris
715 1875 933 1970 presentibus
962 1873 1106 1946 dicimus
1132 1875 1322 1953 absolutam
1350 1889 1385 1949 et
1409 1878 1541 1950 litteras
1567 1875 1698 1972 prede-

310 1997 489 2047 cessorum
516 1985 713 2047 nostrorum
750 1996 854 2068 super
886 1973 1059 2070 premisso
1096 1988 1273 2050 contractu
1308 2001 1371 2050 con
1376 1978 1532 2050 l..ectas
1552 1973 1630 2069 ..¹)
1657 1975 1700 2047 ad

311 2075 517 2148 solutionem
532 2073 673 2172 ‹luopum
691 2074 896 2148 talentorum
910 2074 1142 2172 predictorum
1164 2075 1316 2150 decuria
1333 2077 1420 2150 Cun
1431 2102 1474 2150 ro
1488 2077 1528 2150 di
1554 2077 1700 2169 Longi

312 2173 455 2249 dicimus
483 2198 551 2247 non
591 2175 711 2246 ualere
751 2184 786 2244 et
824 2175 951 2248 nullius
979 2178 1133 2246 existere
1160 2175 1337 2252 firmitatis.
1390 2179 1483 2252 Duas
1511 2177 1700 2271 siquidem

312 2279 425 2348 curias
452 2276 641 2370 Herstpt
667 2285 701 2346 et
725 2275 1005 2364 Hettenstat‚
1042 2287 1125 2370 quos
1160 2277 1250 2350 dicte
1277 2301 1420 2350 sorores
1445 2282 1482 2352 iu
1507 2289 1700 2350 restaurum

311 2373 465 2471 predicte
492 2377 586 2447 curie
614 2373 714 2449 nobis
742 2384 777 2446 et
803 2375 955 2448 ecclesie
982 2385 1102 2448 nostre
1129 2375 1295 2450 dederunt
1321 2389 1540 2495 acceptantes
1568 2376 1610 2449 ab
1637 2381 1703 2466 eis,

311 2478 502 2565 statuimus
528 2485 567 2546 vt
592 2473 670 2546 ed
661 2498 753 2570 ipsas
782 2479 895 2548 curias
923 2486 957 2548 et
984 2475 1026 2546 ad
1053 2476 1262 2570 ecelesiam
1288 2481 1322 2550 in
1349 2483 1445 2570 eujus
1473 2500 1554 2549 cura
1580 2477 1700 2549 eedem

310 2575 465 2647 resident
492 2578 598 2662 curie
627 2576 791 2648 scultetus
820 2574 1235 2668 deliciungcsuelt,
1261 2583 1315 2673 qui
1333 2601 1394 2674 pro
1412 2590 1566 2674 tempore
1584 2577 1702 2667 luerit,

312 2674 355 2750 de
382 2674 512 2748 duobus
539 2674 677 2748 talentis
704 2674 920 2748 denariorum
948 2673 1238 2771 herbipolensium
1279 2689 1472 2774 respectum
1510 2677 1634 2750 babeat
1668 2689 1703 2750 et

311 2779 344 2847 ei
370 2799 389 2846 a
416 2775 514 2848 dictis
543 2779 646 2847 curiis
674 2785 708 2847 et
735 2777 885 2848 ecclesia
912 2775 1090 2848 lnlerioris
1117 2777 1208 2848 celle
1232 2779 1475 2874 persoluentur
1500 2782 1599 2851 annis
1623 2781 1701 2850 sin-

311 2875 451 2970 gulis
441 2899 476 2947 111
516 2879 662 2949 termino
705 2879 862 2972 superius
902 2887 1115 2966 memorato‚
1155 2887 1192 2949 vt
1229 2883 1280 2950 sic
1314 2878 1545 2974 indempnitati
1581 2887 1701 2951 nostre

312 2975 464 3048 ecclesie
500 2975 730 3071 prouidentur.
782 2975 819 3047 ln
858 2979 953 3047 cuiuis
992 2980 1043 3047 rei
1082 2979 1313 3050 testimonium
1354 3001 1501 3074 presens
1540 2981 1700 3075 scriptum

310 3075 418 3169 sigilli
444 3080 554 3149 nostri
581 3079 772 3172 patrocinio
800 3079 1045 3148 communimus
1074 3087 1127 3168 ct
1160 3085 1196 3148 'vt
1233 3079 1386 3151 ecclesie
1411 3091 1531 3153 nostre
1554 3090 1590 3151 et
1612 3103 1701 3174 pre-

311 3175 412 3248 dictis
438 3175 558 3249 Judeis
592 3177 727 3272 plenius
766 3187 953 3248 caueatur.
991 3177 1106 3271 sigilla
1133 3178 1295 3252 videlicet
1336 3179 1467 3252 abbatis
1503 3179 1700 3276 Superioris

313 3275 416 3394 pelle,
442 3276 484 3348 ad
510 3298 609 3371 3111111
636 3275 829 3373 supradicte
868 3299 1010 3350 sorores
1051 3290 1243 3373 respectum
1280 3279 1407 3352 babere
1445 3280 1628 3368 uidentur
1666 3291 1702 3352 et

312 3379 461 3472 ipsarum
501 3399 661 3450 sororum
700 3375 917 3472 presentibus
957 3388 1034 3450 sunt
1073 3401 1232 3474 appensa
1286 3382 1408 3454 Datum
1445 3403 1534 3454 anno
1574 3382 1699 3454 domini

309 3475 567 3569 11001ΧΧ111.
602 3477 690 3550 feria
717 3488 834 3572 quarta
860 3481 1018 3574 proxima
1044 3488 1124 3575 post
1149 3479 1267 3553 Jacohi
1296 3479 1457 3644 apostoli,
1484 3481 1699 3578 pontificatus

310 3581 420 3693 nostri
447 3599 536 3651 anno
562 3577 727 3650 secundo.

523 3775 626 3861 8131111
656 3776 787 3842 Bertoldi
811 3783 944 3860 episcopi
977 3785 1007 3840 et
1041 3778 1155 3842 abbatis
1190 3786 1355 3862 superioris
1384 3781 1487 3848 (tellao
1520 3784 1701 3868 appendunt,

522 3863 652 3946 sigillum
675 3881 811 3929 sororum
834 3861 983 3927 interioris
1007 3863 1109 3930 cellae
1132 3871 1227 3950 periit
1306 3953 1309 3961 y

528 3987 555 4082 ¹)
579 3989 684 4060 chenu
705 3991 756 4060 uc
776 4011 830 4084 per
832 3993 926 4062 sorau
949 4001 1005 4063 est
