3776 4730
329 455 403 549 iil
506 498 519 514 ⁸
903 459 1122 549 monumenta

329 676 395 747 bec
420 692 510 748 anno
537 673 663 746 domini
688 672 747 747 iio·
783 659 866 747 00⁰1
895 673 981 748 LX0·
1014 675 1129 766 Vll⁰·,
1164 679 1197 748 in
1235 673 1290 748 dle
1317 681 1512 750 sanctornm
1539 665 1710 748 martirum

329 778 479 848 ianuarii
507 783 541 846 et
566 777 738 847 sociorum
765 778 863 863 eius,
896 785 931 847 et
957 787 993 848 ut
1019 787 1092 847 rata
1117 781 1185 848 sint
1210 787 1246 848 et
1270 774 1463 850 inconiulsa
1489 785 1711 872 permaneant

329 876 466 972 capituli
492 877 602 950 nostri
627 885 662 945 et
689 874 854 946 dictorum
882 874 1085 948 arbitrorum
1112 877 1238 970 sigillis
1263 876 1408 951 fecimus
1434 876 1603 950 roborari.

538 1074 600 1137 Sex
623 1073 721 1156 sigilla
743 1078 849 1154 partire
872 1075 956 1138 laesa
978 1073 1156 1158 appendent.

535 1155 652 1222 Editurn
685 1177 724 1220 ex
757 1159 951 1224 translatione
1006 1165 1155 1223 ermanica
1188 1178 1235 1242 ap.
1274 1159 1360 1224 Frles
1400 1165 1429 1224 in
1458 1161 1606 1246 Ludewig
1646 1161 1710 1224 lle·

537 1243 808 1308 scliclrtscbreiber
830 1251 888 1308 etc.
911 1265 940 1328 p.
962 1180 1035 1310 obi.

541 1355 569 1437 ¹)
588 1355 693 1420 Manus
715 1362 865 1437 posterior
886 1375 978 1441 super
999 1360 1186 1442 „rrragistro“
1208 1361 1343 1440 scripsit:
1373 1359 1434 1440 „de
1457 1359 1581 1424 Stoun“.

908 1776 1129 1854 COOLXXV.

804 1977 891 2043 Anno
917 1974 1018 2060 1268,
1044 1977 1091 2044 18.
1114 1961 1238 2062 Aprilis.

324 2151 569 2236 ldona'sterium
596 2157 633 2235 S.
668 2159 789 2237 iacobi
823 2163 1030 2237 Schotorum
1064 2161 1317 2260 herbipolensis
1355 2162 1534 2250 diocesis,
1568 2166 1708 2257 capietis

325 2263 492 2356 gravibm
518 2269 703 2336 exonerari
730 2267 908 2360 expensis,
935 2263 1055 2358 quibus
1080 2263 1123 2336 ab
1150 2262 1271 2336 abbate
1297 2265 1530 2358 ratisponensi
1549 2265 1582 2334 ln
1599 2267 1709 2339 adnuo

324 2367 521 2436 visitatione
547 2367 735 2437 enomriter
760 2362 1002 2452 damnilieatur,
1029 2361 1194 2460 episcopo
1221 2363 1455 2460 herbipolensi
1492 2373 1526 2432 et
1561 2361 1707 2458 capitulo

686 2461 729 2536 de
757 2485 889 2538 summo
916 2462 1109 2536 immediate
1135 2483 1177 2536 sa
1201 2463 1347 2538 subiicit.

452 2633 515 2698 Nos
548 2632 747 2696 Jobartncs
782 2638 973 2698 miseratione
1010 2633 1108 2698 diuina
1142 2633 1233 2698 abbas
1268 2638 1438 2698 rnortasterii
1476 2637 1570 2696 sancti
1602 2610 1708 2714 iacobi

324 2718 513 2798 Schotorum,
537 2717 648 2782 ordinis
670 2724 763 2785 sancti
786 2718 948 2797 Benedicti,
971 2715 1190 2800 herbipolensis
1213 2717 1373 2802 dyocesis,
1395 2715 1607 2781 lla'uricius
1628 2723 1705 2805 pre-

324 2807 451 2886 postlus‚
475 2803 653 2885 Kyranus
668 2805 782 2884 custos,
805 2805 947 2866 Daniel
964 2805 1150 2884 cellerarius,
1165 2803 1376 2886 Patricius,
1392 2801 1575 2866 Paulinus
1591 2804 1707 2884 cantol,

325 2891 514 2971 Gylacius
537 2897 568 2951 et
589 2889 809 2968 Niclrolaus,
832 2897 934 2952 nostre
957 2889 1089 2951 ecclesie
1111 2890 1246 2953 monachi
1271 2897 1300 2952 et
1323 2890 1489 2953 confratres
1516 2890 1552 2952 ad
1575 2891 1707 2954 ndtittsnr

322 2977 507 3056 presentiam
529 2981 558 3036 et
581 2974 745 3039 iuturorum
768 2975 824 3038 troo
846 2981 989 3057 scriptum
1012 2981 1213 3039 contuentium
1245 2977 1380 3039 nolumus
1412 2980 1595 3056 peruenire,
1626 2970 1707 3056 quoii

323 3077 378 3122 nos
402 3064 557 3140 cupientes
580 3079 596 3123 a
619 3055 769 3144 grauibus
787 3067 947 3125 exonerari
971 3065 1112 3144 expensis
1124 3107 1134 3142 ‚
1162 3067 1326 3144 paupertati
1350 3068 1452 3125 nostre
1473 3061 1707 3142 inportabillbpt,

324 3161 399 3223 ques
433 3145 616 3210 dominus..
652 3147 744 3212 obbas
778 3151 1076 3228 ratisponensis
1109 3167 1208 3228 annua
1241 3155 1343 3210 nostre
1375 3147 1507 3210 coeleste
1539 3151 1708 3214 uirtutem

324 3236 482 3301 consueuit
503 3250 560 3294 nos
582 3239 743 3296 enormiter
767 3232 987 3316 dampnificerc,
1011 3231 1048 3294 de
1062 3243 1176 3296 innatare
1189 3234 1312 3296 consilio
1336 3223 1522 3296 dominorum
1547 3239 1575 3294 et
1586 3222 1707 3380 gairum

272 3365 277 3380 .
325 3325 495 3378 nostrornm
507 3318 872 3398 spiritualium,‚videlicet
889 3312 920 3382 F.
936 3319 1031 3380 sancti
1048 3316 1220 3396 llurcberdl,
1243 3317 1282 3400 ll.¹
1294 3321 1390 3380 sancii
1402 3318 1551 3398 Stephani,
1568 3337 1584 3379 a
1607 3317 1707 3380 battiin

324 3401 587 3483 herbipolensium,
610 3408 680 3465 item
702 3405 887 3466 dominorum
909 3403 1050 3466 Donati
1073 3407 1302 3465 constantiensis
1326 3409 1356 3464 ct
1377 3401 1524 3488 lligeri
1548 3405 1705 3466 rnmndrin-

324 3493 428 3570 graneis
452 3493 546 3550 nostri
569 3487 681 3550 ordinis
704 3485 842 3551 abbatum
865 3493 927 3570 pari
951 3491 1104 3551 uoluntate
1126 3495 1156 3548 et
1178 3492 1306 3550 unanimi
1327 3505 1479 3550 consensu
1502 3487 1706 3551 ordinauimus

324 3581 355 3634 et
377 3576 543 3652 statuimus,
567 3581 596 3634 vt
618 3589 673 3636 nos
695 3581 726 3635 et
748 3575 878 3636 ecclesio
903 3583 1004 3636 nostra
1028 3577 1182 3653 nostrique
1205 3589 1405 3636 successores
1419 3574 1658 3638 dantinonostro
1673 3619 1707 3641 ..

323 3659 371 3720 dei
394 3663 490 3742 gratia
511 3665 656 3741 episcopo
678 3657 898 3740 herbipolensi,
932 3663 982 3739 qui
1013 3677 1066 3740 pro
1089 3665 1223 3740 ternpore
1243 3657 1414 3723 kathedram
1436 3659 1607 3740 possederit
1636 3666 1705 3742 epi-

323 3744 485 3825 scopalem,
508 3763 564 3806 seu
586 3745 715 3826 capitulo
737 3743 775 3805 dc
797 3755 912 3808 summo
935 3743 1147 3825 herbipolensi,
1169 3749 1194 3806 si
1210 3744 1328 3826 quando
1344 3743 1447 3808 sedens
1463 3745 1705 3826 herbipolensem

323 3848 433 3894 uacare
455 3833 623 3914 contigerit,
644 3829 814 3892 immediate
838 3828 1001 3892 debeamus
1025 3847 1096 3890 esse
1127 3835 1155 3892 in
1179 3820 1354 3912 perpetuum
1377 3826 1503 3891 subiecti
1535 3821 1705 3894 obedientia

324 3922 354 3974 et
375 3919 544 3978 reuerentia
566 3916 698 3997 speciali.
743 3913 799 3987 Oui
823 3919 853 3975 ei
875 3933 930 3975 nos
954 3921 983 3976 et
1004 3921 1134 3976 nostram
1156 3917 1382 3977 ecclesiarnsun
1405 3917 1569 3978 clemencie
1594 3929 1703 3980 ritanu-

324 3999 466 4061 tenebunt
487 4005 517 4062 tn
539 4000 674 4064 onrnlbus
699 4007 729 4060 et
750 3995 920 4078 del'endent,
944 4005 973 4060 ot
997 4003 1023 4062 st
1045 3999 1116 4078 quid
1138 3997 1215 4062 iorte
1238 4003 1404 4081 questionis
1434 4007 1483 4062 ant
1513 4019 1606 4062 cause
1629 3999 1705 4065 rnre

323 4099 390 4167 uos,
412 4093 469 4147 tarn
492 4089 521 4147 in
546 4091 653 4171 capite,
676 4099 764 4170 quam
788 4090 875 4148 etiarn
898 4087 927 4145 in
951 4082 1091 4148 membris
1114 4091 1251 4150 exortunr
1273 4086 1361 4148 luerit
1377 4085 1546 4168 aliquando,
1571 4087 1652 4170 qnod
1672 4093 1703 4156 tn
