3774 4728
585 448 803 546 episcopatus
831 445 1123 544 wimburgeosts.

709 851 712 858 ‚
788 753 944 840 eccm

638 959 728 1024 Anno
755 953 859 1040 1264„
882 954 912 1024 9.
936 958 1079 1026 tenuerit.
1176 920 1177 924 Ἰ

166 1145 348 1220 bertoldus
390 1143 432 1216 de
471 1141 677 1236 Sternberc‚
721 1144 871 1220 decanus
909 1149 1050 1220 maioris
1091 1143 1263 1218 ecclesiae
1301 1145 1556 1242 herbipolensis

168 1257 333 1338 testatur,
369 1243 459 1342 quod
484 1243 665 1318 Heinricus
693 1245 735 1317 cle
759 1244 986 1341 bretingen,
1020 1248 1207 1320 cononicus
1244 1249 1328 1320 novi
1354 1249 1555 1323 monasterii

168 1349 295 1419 curiam
323 1369 443 1436 suam,
485 1344 527 1417 tle
566 1367 631 1439 qna
667 1343 752 1418 libra
788 1369 891 1420 cerae
917 1351 952 1420 in
978 1345 1189 1421 oblationem
1227 1345 1400 1420 ecclesiae
1434 1349 1555 1419 maiori

167 1452 337 1522 annuatim
364 1445 531 1536 solvitur,
573 1444 686 1517 domui
712 1443 872 1544 hospitali
907 1446 944 1520 S.
971 1445 1135 1522 lobannis
1162 1449 1196 1518 in
1222 1442 1421 1545 Herbipoii,
1456 1445 1556 1522 salva

570 1545 745 1619 oblatione
771 1551 981 1645 praescripta
1007 1547 1150 1642 legavit.

265 1715 426 1790 bertol
437 1715 513 1788 dus
531 1716 572 1788 de
596 1713 763 1790 Sternb
777 1741 863 1810 ere
883 1717 936 1791 dei
951 1722 1067 1813 gracia
1083 1715 1231 1791 decanus
1248 1721 1388 1792 maioris
1404 1718 1557 1791 ecclesie

166 1815 440 1916 herbipolensis,
485 1815 641 1892 omnibus
678 1821 838 1892 noticiam
878 1819 1159 1918 subscriptorum.
1212 1815 1396 1892 Accedens
1424 1817 1465 1890 od
1490 1840 1573 1891 nosr

168 1919 334 2010 magister
359 1917 606 1990 Heinricus
634 1917 676 1989 de
701 1917 998 2016 Breitingen,
1025 1923 1210 1994 canonicus
1237 1921 1317 1989 noui
1344 1923 1556 2012 monasterii,

167 2017 337 2090 fatebatur
360 2018 516 2116 publice,
552 2041 591 2090 se
618 2015 760 2112 legasse
786 2019 934 2091 domni
961 2019 1185 2116 hospitali
1211 2029 1309 2090 sanct
1335 2017 1555 2094 lobannis

167 2121 201 2190 in
226 2117 468 2216 Herbipoii
495 2121 621 2190 curiam
638 2141 745 2209 suern,
773 2119 815 2191 de
833 2143 897 2216 qua
912 2119 1001 2192 libra
1022 2121 1152 2192 cerein
1171 2117 1385 2192 oblacionem
1404 2119 1557 2194 ecclesie

167 2229 286 2292 nostro
313 2221 432 2292 maiori
461 2219 606 2293 soluitur
632 2223 812 2292 annuatim.
865 2219 942 2292 Hoc
969 2243 1055 2314 ergo
1082 2219 1206 2292 lactum
1239 2241 1411 2293 renouans
1439 2242 1555 2292 coram

167 2317 266 2392 nobis
292 2323 414 2392 iterato
451 2319 605 2414 predicte
644 2319 763 2390 domus
802 2319 964 2392 iratribus
1005 2329 1039 2392 et
1076 2319 1217 2392 infirmis
1255 2319 1385 2413 legauit
1411 2320 1556 2394 eandem

169 2423 295 2492 curiam
320 2431 400 2518 post
425 2423 532 2518 ipsins
559 2429 723 2506 mortem,
763 2419 859 2492 salua
890 2432 1009 2494 nostra
1037 2419 1217 2494 oblacione
1240 2424 1454 2518 prescripta2
1493 2443 1555 2516 pro

167 2519 320 2593 remedio
359 2545 421 2592 soe
458 2523 569 2596 anime
606 2517 859 2616 possidendam.
913 2521 1022 2610 Quam
1057 2523 1174 2618 vtique
1208 2517 1428 2614 legacionem
1466 2519 1556 2592 idem

168 2621 596 2718 magisterHeinricus
620 2631 782 2715 presente
802 2621 1085 2694 fratreVlrioo
1112 2619 1154 2692 de
1178 2617 1436 2714 Felleberc‚
1463 2643 1555 2692 con-
1668 2627 1672 2636 '

168 2719 367 2801 mendatore
392 2719 648 2818 herbipolensi‚
683 2729 717 2792 et
743 2721 848 2792 fratre
874 2719 1112 2794 Goteirido
1149 2721 1191 2793 de
1218 2715 1402 2816 antiqua
1429 2723 1556 2794 curia

169 2845 306 2918 semper
323 2831 429 2894 ratam
456 2821 533 2894 lore
559 2824 674 2894 statuit
700 2823 734 2892 in
760 2831 878 2893 nostra
904 2825 1085 2918 presencia
1113 2833 1147 2896 et
1174 2832 1293 2896 tenere
1320 2841 1394 2893 eam
1412 2823 1554 2904 irrepo-

169 2921 314 2995 cabilem
335 2925 554 3018 sepromisit.
580 2919 618 2992 ln
645 2923 740 2993 cuius
767 2925 818 2992 rei
845 2925 1074 2996 testimoninm
1099 2943 1246 3019 presens
1274 2925 1434 3019 scriptum
1462 2944 1553 3011 con-

168 3023 294 3096 lectum
322 3045 425 3120 super
452 3045 494 3094 eo
523 3025 555 3092 in
582 3019 686 3092 robur·
712 3019 824 3093 debite
850 3019 1015 3095 firmitatis
1041 3026 1159 3122 petiuit
1178 3019 1373 3119 sepedictus
1390 3026 1555 3118 magister

167 3123 406 3198 Heinricus
433 3122 538 3217 sigilli
565 3125 673 3196 nostri
701 3121 828 3194 robore
845 3125 1042 3195 communiri.
1085 3121 1183 3212 Quod
1209 3145 1229 3194 a
1254 3119 1353 3195 nobis
1369 3123 1555 3207 admissum

169 3229 282 3320 itaque
309 3234 363 3296 est
389 3223 583 3299 olfactum.
609 3221 731 3296 Actum
749 3243 838 3296 anno
866 3219 1245 3316 tentatricem„
1270 3233 1349 3320 post
1372 3223 1551 3322 epitonium

170 3325 297 3406 domini
325 3323 380 3396 die
408 3334 538 3420 quarto.

379 3521 591 3610 Fragmentum
611 3523 702 3609 sigilli
724 3521 880 3609 appendet.
