3774 4728
907 481 1127 564 unomen

924 795 1121 874 CCXXXII.

599 1003 687 1068 Anne
712 995 815 1083 1232„
837 1017 941 1066 mense
962 999 1050 1080 blato,
1071 998 1149 1083 apud
1169 996 1287 1064 Portam
1307 995 1428 1065 Nacnls.

428 1186 621 1262 Fridericus
646 1184 677 1262 ll
701 1189 900 1284 imperator,
926 1187 968 1262 ad
994 1188 1238 1284 querimoniam
1262 1183 1516 1281 herbipolensis
1542 1186 1712 1284 episcopi,

330 1299 410 1362 tunc
434 1291 468 1362 in
494 1288 650 1383 generali
676 1291 768 1360 curia
806 1310 853 1362 ex
879 1292 1048 1364 sententio
1080 1291 1268 1385 principum
1300 1283 1482 1360 Albesium
1522 1285 1565 1360 de
1601 1285 1712 1364 Entse

331 1387 533 1486 proscribit,
567 1409 611 1461 eo
645 1387 736 1483 quod
771 1397 918 1462 castrum
955 1391 1086 1480 Eume,
1124 1387 1167 1460 ad
1212 1385 1399 1460 ecclesiam
1430 1381 1711 1485 herbipolensem

332 1481 505 1586 spectans,
532 1487 674 1562 ahsente
699 1491 734 1562 in
759 1492 912 1564 servitiis
940 1493 1119 1588 episcopo,
1143 1485 1318 1563 violenter
1344 1489 1535 1584 occupavit.

538 1619 655 1686 Editum
677 1625 706 1685 tu
728 1619 805 1686 hlon.
829 1620 909 1686 Boio.
944 1621 1008 1686 Vol.
1031 1621 1122 1686 XXX
1145 1621 1221 1686 Part.
1245 1619 1266 1684 l.
1288 1637 1357 1705 pop.
1382 1617 1442 1684 201
1466 1620 1517 1685 Nr.
1541 1619 1679 1688 DGGXll.

914 2035 1125 2116 ccxxxln

745 2242 836 2307 Anno
858 2235 963 2324 1232„
989 2237 1038 2309 18.
1061 2239 1152 2322 lunii,
1174 2237 1297 2326 Spoleti.

332 2429 536 2521 Rammius,
571 2427 720 2502 Sanctae
751 2421 881 2504 hlorioe
914 2431 949 2502 in
984 2427 1157 2504 cosmidin
1196 2427 1359 2504 diaconus
1395 2427 1598 2522 cardinalis,
1623 2433 1713 2504 inter

332 2529 607 2629 herbipolensem
634 2533 854 2627 episcopum,
892 2529 979 2628 npud
1012 2529 1129 2605 sedem
1150 2511 1387 2628 ⁴apostolicam
1423 2531 1629 2603 existentem
1665 2555 1712 2606 ex

332 2653 399 2706 una
425 2642 460 2704 et
480 2632 617 2703 fratrem
644 2629 853 2704 Gotefridum
879 2641 1138 2727 procuratorem
1175 2640 1210 2703 et
1246 2631 1334 2705 alios
1367 2629 1493 2704 iratres
1526 2629 1711 2728 praedica-

333 2741 430 2807 tores
456 2731 543 2828 opud
569 2729 685 2804 sedero
711 2731 935 2828 apostolicam
962 2734 1165 2805 constitutos
1192 2735 1429 2828 procuratorio
1461 2733 1600 2805 nomine
1633 2733 1710 2806 fra-

334 2841 422 2906 trum
454 2829 725 2929 praedicatorum
758 2829 844 2926 opud
877 2829 1086 2928 Herbipolim
1123 2835 1341 2906 existentium
1382 2853 1427 2904 ex
1463 2829 1570 2906 altera
1602 2846 1713 2930 parte,

678 2933 961 3028 compositionem
988 2931 1200 3006 amicabilem
1227 2931 1364 3007 stabilit

434 3099 612 3178 Uniuersis
637 3111 819 3198 presentes
857 3091 989 3179 littera's
1024 3103 1240 3200 inspecturis.
1290 3103 1533 3177 Rainerius
1560 3107 1712 3179 misera·

336 3207 437 3279 cinus
478 3202 589 3276 diuina
625 3201 791 3276 Snncte
815 3201 958 3276 blarie
993 3209 1028 3276 in
1061 3203 1289 3277 Cosmidin
1329 3203 1494 3278 diaconus
1530 3205 1712 3280 cardinalis

336 3306 482 3382 salutem
513 3307 548 3376 in
586 3313 727 3377 auctore
767 3301 897 3378 salutis.
949 3303 1169 3379 Vniuersiteti
1201 3314 1319 3378 uestro
1357 3305 1488 3378 olerent
1519 3303 1713 3400 manifeste,

292 3483 297 3492 ,
337 3405 426 3504 quod
452 3425 526 3477 cum
551 3407 640 3477 inter
664 3403 898 3478 venerabilem
917 3415 1048 3503 patrem
1064 3460 1099 3476 ..
1125 3403 1402 3502 herbipolensem
1419 3409 1618 3504 episcopum
1633 3417 1714 3503 aput

338 3505 455 3584 sedem
481 3505 705 3601 apostolicam
729 3508 935 3580 existentem
961 3527 1008 3578 ex
1031 3513 1128 3602 parte
1142 3527 1209 3578 vna
1228 3505 1416 3578 etlratrem
1433 3505 1713 3580 Gotelridum

335 3615 595 3708 procuratorem
621 3615 656 3678 et
681 3605 768 3679 alios
794 3604 920 3678 tratres
946 3605 1179 3702 predicatores
1217 3616 1296 3701 aput
1332 3603 1449 3679 sedern
1487 3607 1712 3702 apostolicam

338 3711 540 3782 constitutos
566 3708 802 3804 procuratorio
842 3709 980 3780 nomine
1005 3705 1144 3782 fratrum
1169 3706 1419 3806 predicatomm
1445 3717 1524 3803 aput
1548 3705 1712 3780 llcrbi-

336 3808 474 3908 polim
501 3809 725 3882 existencium
752 3829 798 3881 ex
823 3805 949 3896 altero,
977 3828 1081 3904 super
1104 3805 1246 3902 medam
1272 3809 1507 3880 conueocione
1533 3811 1712 3905 cumipse

339 3907 494 3982 etoleno
520 3905 752 4002 herbipolensi
778 3929 853 3981 cum
879 3905 1037 3980 iratribus
1064 3907 1205 4003 prelatis
1232 3905 1344 3979 habita
1368 3905 1511 4004 quedam
1538 3905 1711 3984 dissensio

338 4017 545 4098 verteretur,
569 4005 703 4080 tandem
729 4005 952 4080 mediantibus
977 4005 1077 4080 nohis
1103 4007 1180 4078 tulis
1196 4008 1285 4082 inter
1311 4029 1374 4081 eos
1393 4011 1602 4105 composicio
1619 4012 1711 4082 omi-

340 4107 458 4184 cahilis
483 4109 688 4198 interuenit,
714 4129 812 4206 quam
836 4127 915 4205 pars
940 4117 1082 4204 utraque
1107 4109 1264 4203 promisit
1288 4103 1427 4182 tirmiter
1463 4117 1498 4182 st
1523 4107 1711 4184 inuiolubi-
