3774 4728
606 516 823 610 episcopatus
851 513 1145 610 wirziburgensis.
1488 491 1560 590 35'i

178 713 279 804 dedit,
305 713 397 788 nulla
424 709 588 810 precaria
607 735 653 786 ex
679 723 774 808 parte
800 725 918 786 nostra
943 725 1077 810 petatur
1105 711 1146 786 ab
1173 717 1270 811 ipso;
1298 717 1328 788 si
1354 726 1466 788 autern
1481 725 1560 790 ante

178 819 379 912 emptionem
407 809 506 886 nubis
532 817 720 910 precariam
747 813 849 904 dedit,
876 825 1029 912 petemus
1057 813 1098 886 ab
1125 819 1200 910 ipso
1225 817 1425 912 precariam.
1462 813 1559 905 itam,

184 918 238 1009 qui
266 913 456 987 vendiderit
481 913 552 985 ien
581 935 676 984 suurn
705 913 762 984 val
789 918 1031 1007 resignauerit‚
1057 913 1165 988 dietus
1195 913 1320 988 uobiiis
1347 913 1450 988 niobil
1472 915 1560 1010 juris

180 1014 299 1086 babeat
326 1019 416 1086 cirea
444 1019 564 1109 ipsum,
591 1017 656 1086 nisi
684 1017 728 1084 sit
754 1019 912 1110 proprius
940 1017 1033 1106 eius,
1067 1010 1178 1110 n'eque
1216 1025 1251 1088 et
1276 1037 1341 1088 nos
1368 1017 1446 1111 quin
1472 1037 1560 1112 pro-

178 1125 301 1186 uentus
328 1116 429 1188 inerit
455 1119 487 1186 in
515 1117 668 1209 precaria
696 1125 826 1203 nostra,
852 1115 911 1188 vei
938 1116 1061 1186 iecerit
1086 1115 1223 1210 aliquod
1239 1119 1444 1210 promissum
1454 1115 1560 1208 judioi

177 1225 308 1288 nemra.
360 1215 445 1286 itero
469 1213 650 1285 ireueia
687 1225 739 1285 est
765 1224 884 1286 nostra
918 1220 951 1286 in
978 1215 1062 1287 vitiu
1088 1225 1123 1288 ot
1159 1218 1192 1286 in
1229 1219 1357 1312 eampis
1390 1221 1560 1313 exceptis,
1702 1267 1724 1285 .-

178 1338 242 1410 que
268 1315 349 1387 irunt
377 1319 409 1387 iu
436 1313 535 1386 bonis
563 1314 831 1386 vroneboue
857 1314 1087 1388 attinentibus.
1139 1313 1177 1386 Si
1211 1325 1322 1388 autern
1360 1315 1481 1412 aliquis
1516 1317 1560 1389 de

178 1415 307 1488 eisdem
334 1414 433 1488 bonis
460 1413 692 1486 vrevelam
719 1415 853 1504 iecerit,
874 1415 982 1507 judex
1010 1426 1129 1488 nostor
1143 1413 1291 1512 deponet
1314 1419 1559 1514 querimoniam

177 1519 210 1588 in
238 1519 344 1605 ouria,
369 1526 403 1588 ot
428 1519 503 1610 ipse
530 1513 717 1587 satisfaciet
743 1514 927 1588 seeundum
950 1519 1007 1608 jus
1035 1517 1132 1587 curie
1157 1515 1259 1590 iilius.
1313 1515 1351 1590 Si
1378 1539 1464 1590 vero
1489 1517 1559 1590 ali-

180 1639 278 1710 quem
306 1615 567 1705 desiderique
595 1613 809 1688 iemedaru
836 1615 980 1706 feeerit,
1005 1615 1105 1688 nobis
1132 1615 1321 1690 satieiaeiet
1347 1617 1389 1688 ad
1415 1619 1559 1712 gretiam

179 1727 342 1790 nostram.
393 1716 476 1788 item
503 1715 630 1788 iaeieut
656 1719 766 1790 nestri
792 1715 882 1788 dieto
908 1715 1014 1795 nobiti
1040 1717 1098 1788 vel
1124 1714 1187 1806 iiii,
1214 1720 1268 1812 qui
1297 1720 1424 1791 aurium
1451 1721 1558 1814 ipsam

178 1817 288 1890 babet.
315 1815 398 1889 ltem
415 1817 521 1911 siquis
548 1815 649 1888 atium
664 1814 900 1888 verberauerit
913 1815 972 1888 vel
986 1806 1218 1888 v'uinerauerit
1232 1816 1360 1913 absque
1376 1817 1559 1910 teneda,

179 1917 257 1990 bino
279 1916 360 1989 inde
386 1937 501 1988 aaran
524 1937 592 1993 auo
616 1915 731 2009 judiae
756 1919 982 1990 nouueuiatur'
1004 1927 1039 1988 et
1065 1915 1254 1992 satisiaotio
1273 1917 1557 2015 auojudioipere

178 2018 346 2107 soluatur,
372 2037 438 2090 nee
453 2015 573 2108 iudex
593 2016 703 2112 atique
728 2015 904 2112 praeludat
931 2015 1056 2106 sideru,
1082 2020 1147 2090 nisi
1173 2019 1283 2112 ipsum
1303 2019 1559 2102 inuenturos·

178 2129 355 2191 tumacam.
402 2115 487 2188 ltern
511 2121 542 2188 si
570 2115 671 2212 aliqui
698 2139 744 2188 ax
770 2120 899 2190 nostrie
927 2116 1086 2192 duxerin
1112 2117 1301 2192 uxoresde
1316 2121 1410 2192 auria
1432 2110 1558 2192 nullan'r

177 2217 276 2294 uobis
313 2218 440 2292 iaoient
474 2215 676 2308 emendam,
714 2237 825 2312 neque
862 2217 1019 2292 homines
1057 2216 1136 2290 dicti
1167 2216 1318 2308 nubilis,
1358 2221 1387 2294 si
1413 2229 1558 2304 ‚nostras

177 2320 335 2391 duxerint
361 2321 394 2390 iu
421 2339 565 2392 uxores.
615 2314 699 2414 item
727 2319 757 2398 ei
783 2315 904 2412 aliquis
931 2327 1117 2393 extraneus
1143 2319 1299 2390 existens
1325 2341 1451 2394 seruus
1471 2319 1560 2416 apud

177 2417 504 2512 Hetingesueit
535 2438 682 2490 uxorem
728 2416 864 2489 duxerit
904 2417 946 2490 do
983 2420 1097 2506 ouria,
1135 2416 1229 2490 nuile
1264 2421 1406 2492 seruitia
1456 2417 1559 2492 faeiat

178 2519 315 2591 domino
341 2537 425 2610 suo,
461 2517 614 2614 quamdiu
641 2537 733 2590 vxor
758 2539 818 2590 sua
844 2520 983 2589 rirrorit⁴
1036 2516 1118 2588 item
1145 2517 1327 2592 emanatas
1353 2521 1468 2610 mario,
1502 2521 1558 2613 qui

175 2619 249 2709 len
277 2641 345 2694 non
373 2617 509 2708 babent,
534 2621 563 2691 si
591 2617 885 2707 masmunster,
913 2614 1052 2715 quilibet
1071 2616 1185 2688 soiuat
1203 2611 1361 2708 sodidum,
1388 2621 1417 2689 s'i
1432 2616 1558 2691 femina

176 2743 242 2794 sex
267 2717 440 2794 denarios.
493 2717 530 2790 Si
557 2721 631 2812 quis
659 2739 777 2793 eorum
805 2717 1007 2807 decesserit,
1033 2739 1202 2816 possesor
1227 2719 1323 2790 curie
1340 2717 1451 2790 'niehii
1468 2721 1557 2812 iuris

175 2819 297 2894 babeat
323 2819 482 2893 inbonis
509 2821 592 2908 suis,
619 2821 685 2892 nisi
711 2824 843 2892 vestem
872 2841 966 2892 suam
993 2819 1217 2915 superiorem.
1268 2815 1352 2890 item
1379 2819 1408 2890 si
1436 2817 1557 2916 aliquis

176 2919 470 3017 depauparabitun
496 2918 585 3013 quod
610 2919 713 2996 uobis
738 2922 926 3014 precariam
952 2917 1094 2994 soluere
1120 2940 1189 3006 nou
1216 2927 1350 3013 potest,
1376 2922 1469 2992 ouria
1495 2939 1558 2996 sua

176 3041 287 3117 neque
313 3041 375 3116 per
401 3019 619 3108 scutatorum„
645 3039 756 3114 nequa
782 3041 844 3114 per
870 3019 1016 3113 aliquem
1044 3012 1260 3107 destruatur,
1299 3029 1354 3094 set
1385 3018 1431 3094 de
1463 3015 1557 3094 ouria

177 3120 383 3196 ordinabitur
407 3127 470 3216 p'er
493 3117 697 3192 seoitbetunr
723 3129 890 3208 nostrum,
916 3139 1014 3214 quam
1028 3118 1212 3195 babeamus
1227 3121 1416 3214 preamium
1431 3117 1556 3192 mode-

176 3231 282 3294 ratam
317 3220 499 3294 secandum
534 3219 622 3316 quod
659 3219 708 3292 nu
746 3221 847 3312 jurati
884 3217 1042 3291 duxerint
1075 3217 1295 3292 statuendam.
1349 3219 1432 3293 item
1465 3219 1557 3294 nebia

179 3321 310 3396 dabitur
335 3323 489 3420 precaria
515 3319 558 3394 de
585 3323 696 3392 vineis
724 3318 777 3392 sei
804 3315 846 3390 de
873 3322 987 3392 curiis.
1040 3315 1122 3392 Item
1150 3319 1256 3416 siquis
1273 3318 1456 3391 uiolauerit
1473 3323 1556 3393 uni·-

178 3433 293 3513 tetem‚
318 3445 439 3518 penam
464 3423 592 3516 pariter
618 3419 740 3494 tolient
757 3417 929 3512 scottbeti,
956 3423 985 3491 si
1003 3419 1194 3506 voluerint3
1220 3419 1272 3492 sin
1287 3429 1557 3516 autemuterqua

178 3521 366 3595 souitbetus
391 3521 490 3594 toliat
522 3543 642 3616 penum
683 3520 726 3594 de
759 3519 949 3594 bominibus
983 3523 1035 3592 sui
1073 3517 1209 3594 domini.
1262 3517 1376 3614 itaque
1402 3517 1444 3592 de
1469 3541 1556 3616 pena

179 3623 243 3695 due
268 3633 383 3718 portes
410 3621 474 3693 sibi
501 3621 622 3693 aedunt
648 3631 683 3693 et
707 3624 814 3692 tercia
841 3618 982 3694 ciuibus.
1010 3619 1142 3692 Peeora
1157 3621 1282 3710 omnia,
1308 3642 1373 3714 que
1396 3617 1558 3694 rouunur

179 3729 212 3795 in
240 3725 367 3818 eampis
394 3724 532 3796 nomine
558 3724 725 3817 pignoris
752 3719 1035 3815 presentabantur
1061 3719 1232 3792 seottetbo
1257 3729 1378 3792 nostro
1404 3729 1439 3790 et
1455 3720 1556 3794 suoi·-

180 3833 267 3896 tetus
295 3833 414 3896 noster
439 3821 595 3894 restituet
628 3843 669 3892 ea
703 3820 967 3916 adpetitionem
994 3817 1153 3892 seoltbeti
1192 3815 1270 3890 dieti
1309 3818 1469 3911 nobilis,¹
1491 3841 1557 3915 que

179 3923 303 3998 tuerint
328 3916 499 4004 hominum
526 3941 675 3996 suorum.
726 3917 835 3994 Fures
863 3927 897 3991 et
923 3929 1100 4018 raptores,
1139 3939 1203 3992 seu
1236 3922 1329 4016 papis
1364 3921 1556 3994 viniatoree

180 4021 460 4120 presentabantur
499 4044 573 4093 cunr
607 4019 706 4093 bunis
735 4019 820 4114 apud
856 4023 951 4116 ipsos
978 4014 1199 4114 deprebensis
1228 4019 1396 4091 scoitireto
1424 4023 1556 4110 nostro,

181 4127 279 4196 etiam
307 4127 337 4198 si
364 4123 406 4195 ad
431 4121 519 4195 bona
545 4122 623 4194 dieti
649 4119 775 4194 nobilis
814 4143 855 4194 se
880 4119 1124 4194 menstuieriut'
1139 4119 1323 4215 fugiendo·
1365 4119 1453 4192 Aeta
1479 4133 1556 4198 sunt
