3838 4728
646 415 864 508 episcopatus
890 409 1181 506 wirsiburgensis.

841 746 987 820 cbtxt.

531 900 535 924 Κ
612 946 701 1010 Anno
727 941 829 1026 1282,
851 942 902 1011 26.
924 946 1031 1028 Morbi,
1053 948 1217 1030 lierbipoii.
1289 903 1291 908 ⁷

222 1129 405 1204 liertuidus
432 1135 616 1226 episeopus
643 1129 896 1227 herbipolensis
921 1132 1086 1206 Frowino
1114 1131 1156 1206 de
1183 1131 1353 1206 Heseiere
1372 1151 1435 1226 pro
1454 1130 1606 1226 quodra-

224 1235 317 1326 giute
342 1229 438 1304 iihris
466 1231 693 1318 heliensium,
732 1231 842 1304 eidem
882 1236 916 1304 in
954 1244 1146 1306 restaurem
1180 1231 1344 1310 dextrarii
1379 1235 1413 1302 in
1447 1231 1606 1306 condicto

337 1331 423 1426 apud
450 1331 608 1402 iiinzveit
633 1330 754 1426 perditi
780 1335 973 1427 promissis,
998 1333 1116 1406 villum
1143 1331 1329 1404 Steinbocb
1355 1330 1494 1424 obliget.

324 1499 572 1572 bertoldus
600 1500 654 1572 dei
680 1506 789 1593 gretie
815 1499 1068 1596 herbipolensis
1095 1505 1277 1598 episcopus
1316 1497 1513 1596 profitemur
1545 1522 1608 1598 per

225 1601 285 1672 bes
312 1600 443 1675 litteras
471 1604 642 1674 uniuersis
669 1604 735 1672 ium
761 1601 953 1694 uiuentibus
981 1611 1016 1673 et
1040 1602 1175 1691 futuris,
1201 1600 1292 1696 quod
1316 1623 1380 1673 nos
1396 1601 1606 1674 Frowiuu

223 1700 266 1774 de
292 1701 489 1775 Heseler
515 1710 550 1773 et
576 1703 647 1774 suis
675 1699 856 1774 heredibus
883 1706 916 1774 iu
942 1712 1134 1774 resteurum
1161 1701 1252 1775 iliius
1287 1699 1471 1790 dextrarii,
1505 1721 1608 1795 quom

223 1803 333 1898 ipsum
360 1803 393 1872 in
420 1803 569 1874 seruicio
597 1810 717 1874 nostru
755 1804 789 1874 in
827 1801 986 1874 condictu
1024 1801 1086 1874 iiio
1125 1801 1212 1898 epud
1244 1801 1456 1874 Binnuelt
1493 1797 1607 1874 behito

224 1905 449 1994 cognouimus
476 1900 689 1996 perdidisse,
716 1899 820 1974 libros
846 1900 1049 1974 heliensium
1085 1923 1148 1998 pro
1175 1900 1406 1996 competendo
1446 1900 1512 1973 sibi
1538 1899 1607 1974 elio
1643 1945 1648 1958 .

225 2000 399 2072 dextrario
427 2005 651 2096 promittimus
677 2001 910 2096 quadrogtnte,
936 2023 999 2096 pro
1026 1999 1159 2096 quibus,
1185 2024 1260 2074 cum
1288 2003 1357 2075 eris
1382 2003 1481 2097 coptu
1506 2000 1608 2076 nohis

224 2123 293 2174 uon
335 2103 380 2173 sit
420 2112 575 2198 prompte
615 2101 733 2174 vilium
770 2112 923 2174 nostrum
950 2101 1219 2192 Steinbueb,
1256 2123 1323 2197 que
1358 2105 1425 2174 iem
1452 2155 1488 2174 ..
1516 2101 1608 2176 dicto

225 2201 489 2274 Swimmere
516 2201 612 2274 militi
649 2201 799 2295 obligato
825 2201 1033 2290 dinoscitur,
1067 2201 1280 2295 obligemus,
1314 2203 1385 2290 sic,
1418 2199 1509 2295 quod
1541 2203 1610 2297 'quei

225 2299 388 2389 eundem,
414 2312 594 2398 postquem
621 2301 680 2374 iiio
705 2300 749 2373 ob
775 2304 851 2396 ipso
877 2299 984 2374 milite
1009 2300 1118 2374 libere
1143 2303 1268 2390 luerit,
1295 2301 1337 2372 ud
1362 2317 1463 2374 veum
1486 2319 1609 2374 eorum

225 2411 345 2474 tenere
373 2399 530 2485 debeant,
557 2421 733 2494 quousque
764 2423 843 2474 sors
869 2400 1075 2498 prelatorum
1102 2401 1264 2474 librorum
1290 2422 1352 2495 pur
1382 2403 1490 2495 ipsius
1524 2401 1609 2474 viiie

223 2500 355 2574 iromus
383 2503 458 2572 siue
485 2500 636 2572 redditus
662 2499 859 2588 deducetur,
885 2499 1117 2574 concedentes
1134 2504 1198 2596 ipsi
1213 2501 1423 2572 Frowino
1439 2521 1502 2594 pro
1517 2499 1608 2574 dono

223 2604 341 2696 grecie
368 2601 550 2696 specialis,
593 2599 703 2695 quod,
737 2603 768 2672 si
801 2603 877 2696 ipse
903 2599 960 2674 uei
987 2603 1040 2674 sui
1065 2599 1214 2674 heredes
1242 2610 1464 2674 mucianus
1491 2597 1609 2672 villum

224 2701 442 2774 demeruerint
466 2701 698 2796 personaliter
723 2723 792 2772 non
818 2711 951 2790 tenere,
978 2699 1120 2772 eundern
1147 2723 1210 2796 pro
1225 2703 1459 2796 pronominum
1480 2719 1609 2772 summo

223 2803 368 2897 pecunie
396 2800 502 2890 modo
534 2811 568 2872 et
595 2799 851 2874 condicionibus
885 2799 1026 2896 prelatis
1064 2800 1222 2894 obtigere
1260 2804 1395 2896 possint
1429 2799 1529 2872 ultori
1566 2797 1610 2872 de

224 2923 395 2996 expresso
429 2912 466 2972 ot
498 2899 662 2974 beniuolo
696 2911 816 2974 nosue
844 2923 1043 2990 consensu,
1081 2923 1182 2996 quem
1220 2900 1330 2974 eidem
1357 2903 1466 2995 ipsum
1491 2899 1610 2976 villum

225 3002 338 3074 taliter
353 3003 543 3096 recipienti,
570 3005 605 3074 iu
620 3001 684 3074 biis
697 3001 914 3096 presentibus
931 3004 1152 3096 impertimur,
1162 3001 1354 3098 dantesque
1368 2999 1437 3074 hoc
1448 3003 1610 3096 scriptun

223 3101 440 3174 Frowino
467 3111 502 3174 et
527 3101 708 3175 heredibus
735 3101 910 3196 predictis,
935 3112 1056 3174 nostru
1077 3102 1200 3196 sigilio
1228 3105 1417 3196 signorum,
1443 3103 1477 3174 iu
1503 3103 1609 3174 testi-
1684 3177 1698 3200 ,

223 3205 374 3272 monium
402 3204 659 3296 premissorum.
701 3203 822 3276 lictum
839 3200 1030 3297 llerbipoii,
1056 3223 1148 3274 euno
1164 3201 1291 3276 domiui
1308 3202 1368 3276 ΜΟ·
1386 3199 1467 3274 000·
1485 3199 1614 3275 txttx

224 3299 391 3391 secundo,
417 3304 451 3374 in
480 3324 565 3374 ceno
592 3301 731 3392 domini,
758 3300 972 3398 pontilrcutos
999 3305 1109 3374 nostri
1137 3323 1226 3376 enno
1254 3313 1389 3376 octoue.

385 3487 410 3539 ⁸
435 3499 571 3584 Sigillum
595 3499 719 3562 irectum
743 3509 798 3564 est.
