<?xml version="1.0" encoding="UTF-8"?>
<!DOCTYPE html PUBLIC "-//W3C//DTD XHTML 1.0 Transitional//EN"
    "http://www.w3.org/TR/xhtml1/DTD/xhtml1-transitional.dtd">
<html xmlns="http://www.w3.org/1999/xhtml" xml:lang="en" lang="en">
 <head>
  <title>
</title>
<meta http-equiv="Content-Type" content="text/html;charset=utf-8" />
  <meta name='ocr-system' content='tesseract 3.04.00' />
  <meta name='ocr-capabilities' content='ocr_page ocr_carea ocr_par ocr_line ocrx_word'/>
</head>
<body>
  <div class='ocr_page' id='page_1' title='image "./monumentaboica00karagoog_0341.png"; bbox 0 0 3768 4728; ppageno 0'>
   <div class='ocr_carea' id='block_1_1' title="bbox 631 352 1171 458">
    <p class='ocr_par' dir='ltr' id='par_1_1' title="bbox 631 352 1171 458">
     <span class='ocr_line' id='line_1_1' title="bbox 631 352 1171 458; baseline 0 -26"><span class='ocrx_word' id='word_1_1' title='bbox 631 357 852 458; x_wconf 79' lang='lat' dir='ltr'><strong>episcopatus</strong></span> <span class='ocrx_word' id='word_1_2' title='bbox 875 352 1171 454; x_wconf 67' lang='lat' dir='ltr'><strong>mammonam.</strong></span> 
     </span>
    </p>
   </div>
   <div class='ocr_carea' id='block_1_2' title="bbox 629 555 1189 814">
    <p class='ocr_par' dir='ltr' id='par_1_2' title="bbox 629 555 1189 814">
     <span class='ocr_line' id='line_1_2' title="bbox 819 555 998 631; baseline 0.006 -1"><span class='ocrx_word' id='word_1_3' title='bbox 819 555 998 631; x_wconf 81' lang='lat' dir='ltr'><strong>ccxcw.</strong></span> 
     </span>
     <span class='ocr_line' id='line_1_3' title="bbox 629 725 1189 814; baseline 0 -20"><span class='ocrx_word' id='word_1_4' title='bbox 629 729 717 794; x_wconf 79' lang='lat' dir='ltr'><strong>Anno</strong></span> <span class='ocrx_word' id='word_1_5' title='bbox 742 725 845 810; x_wconf 76' lang='lat'><strong>1247,</strong></span> <span class='ocrx_word' id='word_1_6' title='bbox 869 725 897 794; x_wconf 80' lang='grc'><strong>5.</strong></span> <span class='ocrx_word' id='word_1_7' title='bbox 921 727 1189 814; x_wconf 66' lang='lat' dir='ltr'><strong>teutmarmpett.</strong></span> 
     </span>
    </p>
   </div>
   <div class='ocr_carea' id='block_1_3' title="bbox 221 889 1604 1402">
    <p class='ocr_par' dir='ltr' id='par_1_3' title="bbox 222 889 1604 1002">
     <span class='ocr_line' id='line_1_4' title="bbox 222 889 1604 1002; baseline 0.001 -25"><span class='ocrx_word' id='word_1_8' title='bbox 222 901 407 1002; x_wconf 80' lang='lat' dir='ltr'><strong>Capitulum</strong></span> <span class='ocrx_word' id='word_1_9' title='bbox 434 903 742 977; x_wconf 88' lang='lat' dir='ltr'><strong>novimonasterii</strong></span> <span class='ocrx_word' id='word_1_10' title='bbox 769 901 1022 1002; x_wconf 79' lang='lat' dir='ltr'>herbipolensis</span> <span class='ocrx_word' id='word_1_11' title='bbox 1055 901 1289 977; x_wconf 89' lang='lat' dir='ltr'><strong>transsummit</strong></span> <span class='ocrx_word' id='word_1_12' title='bbox 1323 889 1487 995; x_wconf 83' lang='lat' dir='ltr'><strong>litteras,</strong></span> <span class='ocrx_word' id='word_1_13' title='bbox 1515 900 1604 999; x_wconf 71' lang='lat' dir='ltr'><strong>quas</strong></span> 
     </span>
    </p>

    <p class='ocr_par' dir='ltr' id='par_1_4' title="bbox 221 999 1602 1102">
     <span class='ocr_line' id='line_1_5' title="bbox 221 999 1602 1102; baseline -0.001 -25"><span class='ocrx_word' id='word_1_14' title='bbox 221 1003 399 1102; x_wconf 84' lang='lat' dir='ltr'><strong>capitulum</strong></span> <span class='ocrx_word' id='word_1_15' title='bbox 425 1005 565 1076; x_wconf 89' lang='lat' dir='ltr'><strong>maioris</strong></span> <span class='ocrx_word' id='word_1_16' title='bbox 592 1005 764 1078; x_wconf 88' lang='lat' dir='ltr'><strong>ecclesiae</strong></span> <span class='ocrx_word' id='word_1_17' title='bbox 790 1003 1044 1102; x_wconf 81' lang='lat' dir='ltr'><strong>herbipolensis</strong></span> <span class='ocrx_word' id='word_1_18' title='bbox 1080 1003 1122 1078; x_wconf 87' lang='lat' dir='ltr'><strong>nd</strong></span> <span class='ocrx_word' id='word_1_19' title='bbox 1157 999 1321 1078; x_wconf 88' lang='lat' dir='ltr'><strong>decanum</strong></span> <span class='ocrx_word' id='word_1_20' title='bbox 1361 1003 1397 1075; x_wconf 89' lang='lat' dir='ltr'><strong>S.</strong></span> <span class='ocrx_word' id='word_1_21' title='bbox 1434 1003 1602 1095; x_wconf 90' lang='lat' dir='ltr'><strong>Victoris,</strong></span> 
     </span>
    </p>

    <p class='ocr_par' dir='ltr' id='par_1_5' title="bbox 222 1097 1602 1200">
     <span class='ocr_line' id='line_1_6' title="bbox 222 1097 1602 1200; baseline -0.001 -22"><span class='ocrx_word' id='word_1_22' title='bbox 222 1103 438 1178; x_wconf 88' lang='lat' dir='ltr'><strong>scolasticum</strong></span> <span class='ocrx_word' id='word_1_23' title='bbox 466 1113 501 1176; x_wconf 94' lang='lat' dir='ltr'><strong>et</strong></span> <span class='ocrx_word' id='word_1_24' title='bbox 527 1113 702 1176; x_wconf 89' lang='lat' dir='ltr'><strong>cantorem</strong></span> <span class='ocrx_word' id='word_1_25' title='bbox 730 1103 765 1178; x_wconf 86' lang='lat' dir='ltr'><strong>S.</strong></span> <span class='ocrx_word' id='word_1_26' title='bbox 793 1103 922 1178; x_wconf 85' lang='lat' dir='ltr'><strong>hieriae</strong></span> <span class='ocrx_word' id='word_1_27' title='bbox 948 1103 989 1177; x_wconf 91' lang='lat' dir='ltr'><strong>ad</strong></span> <span class='ocrx_word' id='word_1_28' title='bbox 1016 1104 1142 1200; x_wconf 85' lang='lat' dir='ltr'><strong>gradus</strong></span> <span class='ocrx_word' id='word_1_29' title='bbox 1169 1097 1411 1198; x_wconf 84' lang='lat' dir='ltr'><strong>mogunlinae,</strong></span> <span class='ocrx_word' id='word_1_30' title='bbox 1438 1103 1471 1178; x_wconf 90' lang='lat' dir='ltr'><strong>in</strong></span> <span class='ocrx_word' id='word_1_31' title='bbox 1496 1125 1602 1176; x_wconf 88' lang='lat' dir='ltr'><strong>cause</strong></span> 
     </span>
    </p>

    <p class='ocr_par' dir='ltr' id='par_1_6' title="bbox 221 1199 1599 1402">
     <span class='ocr_line' id='line_1_7' title="bbox 221 1199 1599 1302; baseline -0.001 -23"><span class='ocrx_word' id='word_1_32' title='bbox 221 1201 403 1302; x_wconf 86' lang='lat' dir='ltr'><strong>reeipiendi</strong></span> <span class='ocrx_word' id='word_1_33' title='bbox 429 1201 592 1278; x_wconf 80' lang='lat' dir='ltr'><strong>berhardi</strong></span> <span class='ocrx_word' id='word_1_34' title='bbox 628 1203 917 1302; x_wconf 63' lang='lat' dir='ltr'><strong>archipresbyteri</strong></span> <span class='ocrx_word' id='word_1_35' title='bbox 951 1208 1139 1300; x_wconf 86' lang='lat' dir='ltr'><strong>moguntini</strong></span> <span class='ocrx_word' id='word_1_36' title='bbox 1171 1209 1205 1278; x_wconf 90' lang='lat' dir='ltr'><strong>in</strong></span> <span class='ocrx_word' id='word_1_37' title='bbox 1240 1205 1440 1276; x_wconf 90' lang='lat' dir='ltr'><strong>canonicum</strong></span> <span class='ocrx_word' id='word_1_38' title='bbox 1477 1199 1599 1298; x_wconf 73' lang='lat' dir='ltr'><strong>herbi-¹</strong></span> 
     </span>
     <span class='ocr_line' id='line_1_8' title="bbox 714 1305 1116 1402; baseline -0.007 -22"><span class='ocrx_word' id='word_1_39' title='bbox 714 1305 907 1402; x_wconf 80' lang='lat' dir='ltr'><strong>polensem,</strong></span> <span class='ocrx_word' id='word_1_40' title='bbox 932 1305 1116 1380; x_wconf 83' lang='lat' dir='ltr'><strong>direxerat.</strong></span> 
     </span>
    </p>
   </div>
   <div class='ocr_carea' id='block_1_4' title="bbox 216 1447 1601 4158">
    <p class='ocr_par' dir='ltr' id='par_1_7' title="bbox 219 1447 1601 2050">
     <span class='ocr_line' id='line_1_9' title="bbox 319 1447 1601 1548; baseline -0.001 -26"><span class='ocrx_word' id='word_1_41' title='bbox 319 1449 360 1522; x_wconf 88' lang='lat' dir='ltr'><strong>ll.</strong></span> <span class='ocrx_word' id='word_1_42' title='bbox 389 1448 444 1522; x_wconf 91' lang='lat' dir='ltr'><strong>dei</strong></span> <span class='ocrx_word' id='word_1_43' title='bbox 470 1452 581 1544; x_wconf 84' lang='lat' dir='ltr'><strong>gratia</strong></span> <span class='ocrx_word' id='word_1_44' title='bbox 606 1449 757 1524; x_wconf 75' lang='lat' dir='ltr'><strong>demens</strong></span> <span class='ocrx_word' id='word_1_45' title='bbox 782 1461 957 1548; x_wconf 87' lang='lat' dir='ltr'><strong>totumque</strong></span> <span class='ocrx_word' id='word_1_46' title='bbox 983 1451 1164 1548; x_wconf 82' lang='lat' dir='ltr'><strong>capitulum</strong></span> <span class='ocrx_word' id='word_1_47' title='bbox 1188 1455 1272 1525; x_wconf 88' lang='lat' dir='ltr'><strong>noui</strong></span> <span class='ocrx_word' id='word_1_48' title='bbox 1296 1451 1496 1524; x_wconf 80' lang='lat' dir='ltr'><strong>monasterii</strong></span> <span class='ocrx_word' id='word_1_49' title='bbox 1514 1447 1601 1522; x_wconf 60' lang='lat' dir='ltr'><strong>her*</strong></span> 
     </span>
     <span class='ocr_line' id='line_1_10' title="bbox 219 1549 1601 1648; baseline -0.001 -24"><span class='ocrx_word' id='word_1_50' title='bbox 219 1549 419 1648; x_wconf 88' lang='lat' dir='ltr'><strong>bipolensis.</strong></span> <span class='ocrx_word' id='word_1_51' title='bbox 469 1550 595 1624; x_wconf 88' lang='lat' dir='ltr'><strong>Notum</strong></span> <span class='ocrx_word' id='word_1_52' title='bbox 620 1552 763 1626; x_wconf 85' lang='lat' dir='ltr'><strong>iacimus</strong></span> <span class='ocrx_word' id='word_1_53' title='bbox 794 1555 966 1626; x_wconf 83' lang='lat' dir='ltr'><strong>uniuersis</strong></span> <span class='ocrx_word' id='word_1_54' title='bbox 1002 1564 1184 1648; x_wconf 73' lang='lat' dir='ltr'><strong>presentes</strong></span> <span class='ocrx_word' id='word_1_55' title='bbox 1217 1553 1349 1626; x_wconf 87' lang='lat' dir='ltr'><strong>litteras</strong></span> <span class='ocrx_word' id='word_1_56' title='bbox 1383 1551 1601 1647; x_wconf 89' lang='lat' dir='ltr'><strong>inspecturis,</strong></span> 
     </span>
     <span class='ocr_line' id='line_1_11' title="bbox 220 1649 1599 1750; baseline 0.001 -27"><span class='ocrx_word' id='word_1_57' title='bbox 220 1651 309 1748; x_wconf 87' lang='lat' dir='ltr'><strong>qnod</strong></span> <span class='ocrx_word' id='word_1_58' title='bbox 320 1649 568 1726; x_wconf 87' lang='lat' dir='ltr'><strong>venerabilium</strong></span> <span class='ocrx_word' id='word_1_59' title='bbox 583 1651 798 1728; x_wconf 92' lang='lat' dir='ltr'><strong>dominorum</strong></span> <span class='ocrx_word' id='word_1_60' title='bbox 810 1663 1020 1743; x_wconf 86' lang='lat' dir='ltr'><strong>nostrorum,</strong></span> <span class='ocrx_word' id='word_1_61' title='bbox 1047 1654 1186 1750; x_wconf 74' lang='lat' dir='ltr'><strong>capituli</strong></span> <span class='ocrx_word' id='word_1_62' title='bbox 1201 1653 1455 1749; x_wconf 80' lang='lat' dir='ltr'><strong>herbipolensis</strong></span> <span class='ocrx_word' id='word_1_63' title='bbox 1466 1652 1599 1724; x_wconf 85' lang='lat' dir='ltr'><strong>litteras</strong></span> 
     </span>
     <span class='ocr_line' id='line_1_12' title="bbox 219 1751 1600 1851; baseline 0 -27"><span class='ocrx_word' id='word_1_64' title='bbox 219 1751 377 1843; x_wconf 86' lang='lat' dir='ltr'><strong>vidimus,</strong></span> <span class='ocrx_word' id='word_1_65' title='bbox 400 1752 612 1848; x_wconf 77' lang='lat' dir='ltr'><strong>perlegimus</strong></span> <span class='ocrx_word' id='word_1_66' title='bbox 639 1765 674 1826; x_wconf 89' lang='lat' dir='ltr'><strong>et</strong></span> <span class='ocrx_word' id='word_1_67' title='bbox 708 1754 892 1848; x_wconf 79' lang='lat' dir='ltr'><strong>diligenter</strong></span> <span class='ocrx_word' id='word_1_68' title='bbox 915 1757 1129 1851; x_wconf 83' lang='lat' dir='ltr'><strong>inspeximus</strong></span> <span class='ocrx_word' id='word_1_69' title='bbox 1168 1774 1243 1826; x_wconf 88' lang='lat' dir='ltr'><strong>eum</strong></span> <span class='ocrx_word' id='word_1_70' title='bbox 1269 1756 1411 1846; x_wconf 79' lang='lat' dir='ltr'><strong>integro·</strong></span> <span class='ocrx_word' id='word_1_71' title='bbox 1441 1759 1475 1824; x_wconf 89' lang='lat' dir='ltr'><strong>et</strong></span> <span class='ocrx_word' id='word_1_72' title='bbox 1511 1771 1600 1827; x_wconf 85' lang='lat' dir='ltr'><strong>nere</strong></span> 
     </span>
     <span class='ocr_line' id='line_1_13' title="bbox 221 1851 1599 1949; baseline 0.001 -25"><span class='ocrx_word' id='word_1_73' title='bbox 221 1851 350 1948; x_wconf 78' lang='lat' dir='ltr'><strong>sigillo,</strong></span> <span class='ocrx_word' id='word_1_74' title='bbox 375 1874 446 1925; x_wconf 90' lang='lat' dir='ltr'><strong>non</strong></span> <span class='ocrx_word' id='word_1_75' title='bbox 469 1857 625 1945; x_wconf 84' lang='lat' dir='ltr'><strong>uiolatae,</strong></span> <span class='ocrx_word' id='word_1_76' title='bbox 650 1876 720 1928; x_wconf 91' lang='lat' dir='ltr'><strong>non</strong></span> <span class='ocrx_word' id='word_1_77' title='bbox 747 1854 968 1946; x_wconf 88' lang='lat' dir='ltr'><strong>cancellatas,</strong></span> <span class='ocrx_word' id='word_1_78' title='bbox 1003 1877 1070 1927; x_wconf 88' lang='lat' dir='ltr'><strong>nec</strong></span> <span class='ocrx_word' id='word_1_79' title='bbox 1095 1859 1130 1928; x_wconf 89' lang='lat' dir='ltr'><strong>ln</strong></span> <span class='ocrx_word' id='word_1_80' title='bbox 1155 1855 1267 1949; x_wconf 86' lang='lat' dir='ltr'><strong>aliqua</strong></span> <span class='ocrx_word' id='word_1_81' title='bbox 1295 1857 1347 1926; x_wconf 92' lang='lat' dir='ltr'><strong>sui</strong></span> <span class='ocrx_word' id='word_1_82' title='bbox 1372 1862 1469 1949; x_wconf 88' lang='lat' dir='ltr'><strong>parte</strong></span> <span class='ocrx_word' id='word_1_83' title='bbox 1493 1852 1599 1926; x_wconf 71' lang='lat' dir='ltr'><strong>tunt«</strong></span> 
     </span>
     <span class='ocr_line' id='line_1_14' title="bbox 220 1953 1084 2050; baseline 0.002 -26"><span class='ocrx_word' id='word_1_84' title='bbox 220 1964 316 2026; x_wconf 78' lang='lat' dir='ltr'><strong>rums</strong></span> <span class='ocrx_word' id='word_1_85' title='bbox 342 1975 404 2050; x_wconf 93' lang='lat' dir='ltr'><strong>per</strong></span> <span class='ocrx_word' id='word_1_86' title='bbox 429 1957 542 2026; x_wconf 89' lang='lat' dir='ltr'><strong>omnia</strong></span> <span class='ocrx_word' id='word_1_87' title='bbox 566 1958 601 2027; x_wconf 91' lang='lat' dir='ltr'><strong>in</strong></span> <span class='ocrx_word' id='word_1_88' title='bbox 625 1954 690 2027; x_wconf 92' lang='lat' dir='ltr'><strong>hec</strong></span> <span class='ocrx_word' id='word_1_89' title='bbox 715 1953 824 2028; x_wconf 87' lang='lat' dir='ltr'><strong>verba</strong></span> <span class='ocrx_word' id='word_1_90' title='bbox 848 1959 1084 2028; x_wconf 72' lang='lat' dir='ltr'><strong>continentes:</strong></span> 
     </span>
    </p>

    <p class='ocr_par' dir='ltr' id='par_1_8' title="bbox 216 2053 1600 4158">
     <span class='ocr_line' id='line_1_15' title="bbox 317 2053 1600 2147; baseline 0.002 -23"><span class='ocrx_word' id='word_1_91' title='bbox 317 2053 604 2144; x_wconf 83' lang='lat' dir='ltr'><strong>„venerabilibus</strong></span> <span class='ocrx_word' id='word_1_92' title='bbox 619 2055 765 2130; x_wconf 91' lang='lat' dir='ltr'><strong>dominis</strong></span> <span class='ocrx_word' id='word_1_93' title='bbox 778 2056 908 2128; x_wconf 90' lang='lat' dir='ltr'><strong>decano</strong></span> <span class='ocrx_word' id='word_1_94' title='bbox 920 2059 1028 2128; x_wconf 89' lang='lat' dir='ltr'><strong>saneti</strong></span> <span class='ocrx_word' id='word_1_95' title='bbox 1041 2055 1205 2147; x_wconf 84' lang='lat' dir='ltr'><strong>Victoris,</strong></span> <span class='ocrx_word' id='word_1_96' title='bbox 1222 2055 1407 2128; x_wconf 77' lang='lat' dir='ltr'><strong>scelestino</strong></span> <span class='ocrx_word' id='word_1_97' title='bbox 1418 2063 1453 2126; x_wconf 86' lang='lat' dir='ltr'><strong>et</strong></span> <span class='ocrx_word' id='word_1_98' title='bbox 1468 2057 1600 2127; x_wconf 82' lang='lat' dir='ltr'><strong>centeri</strong></span> 
     </span>
     <span class='ocr_line' id='line_1_16' title="bbox 221 2153 1600 2254; baseline 0.001 -28"><span class='ocrx_word' id='word_1_99' title='bbox 221 2163 338 2226; x_wconf 84' lang='lat' dir='ltr'><strong>ennete</strong></span> <span class='ocrx_word' id='word_1_100' title='bbox 373 2153 482 2227; x_wconf 81' lang='lat' dir='ltr'><strong>llario</strong></span> <span class='ocrx_word' id='word_1_101' title='bbox 516 2155 558 2228; x_wconf 90' lang='lat' dir='ltr'><strong>ad</strong></span> <span class='ocrx_word' id='word_1_102' title='bbox 594 2156 720 2252; x_wconf 84' lang='lat' dir='ltr'><strong>gradus</strong></span> <span class='ocrx_word' id='word_1_103' title='bbox 753 2160 951 2252; x_wconf 84' lang='lat' dir='ltr'><strong>moguntino</strong></span> <span class='ocrx_word' id='word_1_104' title='bbox 984 2160 1204 2254; x_wconf 86' lang='lat' dir='ltr'><strong>prepositus,</strong></span> <span class='ocrx_word' id='word_1_105' title='bbox 1237 2155 1386 2228; x_wconf 88' lang='lat' dir='ltr'><strong>decanus</strong></span> <span class='ocrx_word' id='word_1_106' title='bbox 1426 2164 1600 2250; x_wconf 88' lang='lat' dir='ltr'><strong>totumque</strong></span> 
     </span>
     <span class='ocr_line' id='line_1_17' title="bbox 220 2254 1599 2354; baseline 0.001 -28"><span class='ocrx_word' id='word_1_107' title='bbox 220 2254 399 2352; x_wconf 88' lang='lat' dir='ltr'><strong>capitulum</strong></span> <span class='ocrx_word' id='word_1_108' title='bbox 425 2256 576 2331; x_wconf 91' lang='lat' dir='ltr'><strong>ecclesie</strong></span> <span class='ocrx_word' id='word_1_109' title='bbox 602 2255 853 2354; x_wconf 88' lang='lat' dir='ltr'><strong>herbipolensis</strong></span> <span class='ocrx_word' id='word_1_110' title='bbox 888 2279 963 2330; x_wconf 92' lang='lat' dir='ltr'><strong>eum</strong></span> <span class='ocrx_word' id='word_1_111' title='bbox 998 2257 1203 2330; x_wconf 83' lang='lat' dir='ltr'><strong>sinceritatis</strong></span> <span class='ocrx_word' id='word_1_112' title='bbox 1238 2255 1360 2329; x_wconf 84' lang='lat' dir='ltr'><strong>ellectu</strong></span> <span class='ocrx_word' id='word_1_113' title='bbox 1391 2259 1599 2351; x_wconf 89' lang='lat' dir='ltr'><strong>promptitu-</strong></span> 
     </span>
     <span class='ocr_line' id='line_1_18' title="bbox 220 2353 1599 2454; baseline 0.001 -26"><span class='ocrx_word' id='word_1_114' title='bbox 220 2354 331 2428; x_wconf 85' lang='lat' dir='ltr'><strong>dinem</strong></span> <span class='ocrx_word' id='word_1_115' title='bbox 358 2357 541 2429; x_wconf 87' lang='lat' dir='ltr'><strong>seruiendi.</strong></span> <span class='ocrx_word' id='word_1_116' title='bbox 592 2357 738 2430; x_wconf 79' lang='lat' dir='ltr'><strong>Litteras</strong></span> <span class='ocrx_word' id='word_1_117' title='bbox 764 2365 906 2430; x_wconf 82' lang='lat' dir='ltr'><strong>vestras</strong></span> <span class='ocrx_word' id='word_1_118' title='bbox 916 2379 1024 2454; x_wconf 93' lang='lat' dir='ltr'><strong>nuper</strong></span> <span class='ocrx_word' id='word_1_119' title='bbox 1036 2360 1241 2454; x_wconf 87' lang='lat' dir='ltr'><strong>recepimus,</strong></span> <span class='ocrx_word' id='word_1_120' title='bbox 1268 2353 1435 2450; x_wconf 87' lang='lat' dir='ltr'><strong>inquibus</strong></span> <span class='ocrx_word' id='word_1_121' title='bbox 1453 2355 1599 2430; x_wconf 85' lang='lat' dir='ltr'><strong>vidimus</strong></span> 
     </span>
     <span class='ocr_line' id='line_1_19' title="bbox 220 2454 1600 2554; baseline 0 -26"><span class='ocrx_word' id='word_1_122' title='bbox 220 2459 398 2547; x_wconf 74' lang='lat' dir='ltr'><strong>contineri,</strong></span> <span class='ocrx_word' id='word_1_123' title='bbox 425 2457 516 2552; x_wconf 92' lang='lat' dir='ltr'><strong>quod</strong></span> <span class='ocrx_word' id='word_1_124' title='bbox 542 2469 683 2531; x_wconf 88' lang='lat' dir='ltr'><strong>auctore</strong></span> <span class='ocrx_word' id='word_1_125' title='bbox 710 2456 953 2554; x_wconf 84' lang='lat' dir='ltr'><strong>dominilegnti</strong></span> <span class='ocrx_word' id='word_1_126' title='bbox 973 2457 1073 2530; x_wconf 89' lang='lat' dir='ltr'><strong>nobis</strong></span> <span class='ocrx_word' id='word_1_127' title='bbox 1089 2456 1286 2546; x_wconf 89' lang='lat' dir='ltr'><strong>mandastis,</strong></span> <span class='ocrx_word' id='word_1_128' title='bbox 1312 2454 1403 2550; x_wconf 91' lang='lat' dir='ltr'><strong>quod</strong></span> <span class='ocrx_word' id='word_1_129' title='bbox 1427 2454 1600 2529; x_wconf 88' lang='lat' dir='ltr'><strong>deminum</strong></span> 
     </span>
     <span class='ocr_line' id='line_1_20' title="bbox 218 2555 1597 2656; baseline -0.001 -26"><span class='ocrx_word' id='word_1_130' title='bbox 218 2555 489 2630; x_wconf 90' lang='lat' dir='ltr'><strong>Berhurdum</strong></span> <span class='ocrx_word' id='word_1_131' title='bbox 504 2557 837 2656; x_wconf 74' lang='lat' dir='ltr'><strong>archipresbyterum</strong></span> <span class='ocrx_word' id='word_1_132' title='bbox 851 2560 1084 2652; x_wconf 84' lang='lat' dir='ltr'><strong>moguntinum</strong></span> <span class='ocrx_word' id='word_1_133' title='bbox 1102 2560 1336 2654; x_wconf 90' lang='lat' dir='ltr'><strong>reciperemus</strong></span> <span class='ocrx_word' id='word_1_134' title='bbox 1349 2558 1381 2628; x_wconf 93' lang='lat' dir='ltr'><strong>in</strong></span> <span class='ocrx_word' id='word_1_135' title='bbox 1398 2558 1597 2629; x_wconf 89' lang='lat' dir='ltr'><strong>canonicum</strong></span> 
     </span>
     <span class='ocr_line' id='line_1_21' title="bbox 220 2654 1597 2756; baseline 0 -27"><span class='ocrx_word' id='word_1_136' title='bbox 220 2667 253 2730; x_wconf 90' lang='lat' dir='ltr'><strong>et</strong></span> <span class='ocrx_word' id='word_1_137' title='bbox 278 2660 313 2730; x_wconf 92' lang='lat' dir='ltr'><strong>in</strong></span> <span class='ocrx_word' id='word_1_138' title='bbox 338 2657 490 2749; x_wconf 80' lang='lat' dir='ltr'><strong>fratrem,</strong></span> <span class='ocrx_word' id='word_1_139' title='bbox 515 2659 669 2754; x_wconf 84' lang='lat' dir='ltr'><strong>vigiliam</strong></span> <span class='ocrx_word' id='word_1_140' title='bbox 695 2661 931 2756; x_wconf 90' lang='lat' dir='ltr'><strong>apostolorum</strong></span> <span class='ocrx_word' id='word_1_141' title='bbox 955 2657 1049 2730; x_wconf 91' lang='lat' dir='ltr'><strong>Petri</strong></span> <span class='ocrx_word' id='word_1_142' title='bbox 1075 2667 1110 2732; x_wconf 87' lang='lat' dir='ltr'><strong>ot</strong></span> <span class='ocrx_word' id='word_1_143' title='bbox 1133 2656 1230 2730; x_wconf 87' lang='lat' dir='ltr'><strong>Pauli</strong></span> <span class='ocrx_word' id='word_1_144' title='bbox 1245 2654 1346 2730; x_wconf 92' lang='lat' dir='ltr'><strong>nobis</strong></span> <span class='ocrx_word' id='word_1_145' title='bbox 1372 2677 1435 2752; x_wconf 93' lang='lat' dir='ltr'><strong>pro</strong></span> <span class='ocrx_word' id='word_1_146' title='bbox 1451 2657 1597 2729; x_wconf 89' lang='lat' dir='ltr'><strong>termino</strong></span> 
     </span>
     <span class='ocr_line' id='line_1_22' title="bbox 218 2753 1596 2854; baseline -0.002 -23"><span class='ocrx_word' id='word_1_147' title='bbox 218 2761 448 2854; x_wconf 91' lang='lat' dir='ltr'><strong>peremptorio</strong></span> <span class='ocrx_word' id='word_1_148' title='bbox 476 2769 511 2832; x_wconf 90' lang='lat' dir='ltr'><strong>et</strong></span> <span class='ocrx_word' id='word_1_149' title='bbox 534 2759 648 2832; x_wconf 88' lang='lat' dir='ltr'><strong>locum</strong></span> <span class='ocrx_word' id='word_1_150' title='bbox 674 2761 709 2832; x_wconf 91' lang='lat' dir='ltr'><strong>in</strong></span> <span class='ocrx_word' id='word_1_151' title='bbox 736 2759 885 2834; x_wconf 93' lang='lat' dir='ltr'><strong>claustro</strong></span> <span class='ocrx_word' id='word_1_152' title='bbox 900 2761 1039 2832; x_wconf 91' lang='lat' dir='ltr'><strong>maioris</strong></span> <span class='ocrx_word' id='word_1_153' title='bbox 1066 2757 1217 2831; x_wconf 89' lang='lat' dir='ltr'><strong>ecclesie</strong></span> <span class='ocrx_word' id='word_1_154' title='bbox 1236 2759 1467 2852; x_wconf 81' lang='lat' dir='ltr'><strong>assignantes,</strong></span> <span class='ocrx_word' id='word_1_155' title='bbox 1494 2753 1596 2829; x_wconf 88' lang='lat' dir='ltr'><strong>audi-</strong></span> 
     </span>
     <span class='ocr_line' id='line_1_23' title="bbox 218 2855 1597 2957; baseline 0.001 -27"><span class='ocrx_word' id='word_1_156' title='bbox 218 2861 283 2930; x_wconf 89' lang='lat' dir='ltr'><strong>tnri</strong></span> <span class='ocrx_word' id='word_1_157' title='bbox 308 2858 432 2931; x_wconf 85' lang='lat' dir='ltr'><strong>ibidem</strong></span> <span class='ocrx_word' id='word_1_158' title='bbox 457 2860 614 2956; x_wconf 88' lang='lat' dir='ltr'><strong>quicquid</strong></span> <span class='ocrx_word' id='word_1_159' title='bbox 653 2867 772 2933; x_wconf 85' lang='lat' dir='ltr'><strong>eontra</strong></span> <span class='ocrx_word' id='word_1_160' title='bbox 805 2870 968 2957; x_wconf 84' lang='lat' dir='ltr'><strong>precepta</strong></span> <span class='ocrx_word' id='word_1_161' title='bbox 990 2857 1246 2934; x_wconf 83' lang='lat' dir='ltr'><strong>racionabiliter</strong></span> <span class='ocrx_word' id='word_1_162' title='bbox 1279 2855 1482 2931; x_wconf 84' lang='lat' dir='ltr'><strong>duceremus</strong></span> <span class='ocrx_word' id='word_1_163' title='bbox 1507 2873 1597 2954; x_wconf 75' lang='lat' dir='ltr'><strong>pro-</strong></span> 
     </span>
     <span class='ocr_line' id='line_1_24' title="bbox 218 2957 1598 3058; baseline 0.001 -27"><span class='ocrx_word' id='word_1_164' title='bbox 218 2958 420 3055; x_wconf 71' lang='lat' dir='ltr'><strong>ponendum,</strong></span> <span class='ocrx_word' id='word_1_165' title='bbox 472 2959 585 3058; x_wconf 82' lang='lat' dir='ltr'><strong>Super</strong></span> <span class='ocrx_word' id='word_1_166' title='bbox 610 2960 742 3058; x_wconf 90' lang='lat' dir='ltr'><strong>quibus,</strong></span> <span class='ocrx_word' id='word_1_167' title='bbox 768 2965 799 3036; x_wconf 91' lang='lat' dir='ltr'><strong>ei</strong></span> <span class='ocrx_word' id='word_1_168' title='bbox 824 2961 915 3034; x_wconf 87' lang='lat' dir='ltr'><strong>bene</strong></span> <span class='ocrx_word' id='word_1_169' title='bbox 938 2957 1115 3051; x_wconf 87' lang='lat' dir='ltr'><strong>recolitis,</strong></span> <span class='ocrx_word' id='word_1_170' title='bbox 1149 2981 1225 3033; x_wconf 88' lang='lat' dir='ltr'><strong>eum</strong></span> <span class='ocrx_word' id='word_1_171' title='bbox 1250 2969 1391 3056; x_wconf 87' lang='lat' dir='ltr'><strong>propter</strong></span> <span class='ocrx_word' id='word_1_172' title='bbox 1417 2968 1598 3032; x_wconf 85' lang='lat' dir='ltr'><strong>commune</strong></span> 
     </span>
     <span class='ocr_line' id='line_1_25' title="bbox 218 3053 1598 3159; baseline 0.001 -28"><span class='ocrx_word' id='word_1_173' title='bbox 218 3061 347 3132; x_wconf 86' lang='lat' dir='ltr'><strong>uiarum</strong></span> <span class='ocrx_word' id='word_1_174' title='bbox 373 3057 568 3153; x_wconf 90' lang='lat' dir='ltr'><strong>discrimen,</strong></span> <span class='ocrx_word' id='word_1_175' title='bbox 594 3060 883 3159; x_wconf 85' lang='lat' dir='ltr'><strong>quopronhdolor</strong></span> <span class='ocrx_word' id='word_1_176' title='bbox 907 3071 979 3134; x_wconf 87' lang='lat' dir='ltr'><strong>tota</strong></span> <span class='ocrx_word' id='word_1_177' title='bbox 997 3060 1263 3134; x_wconf 72' lang='lat' dir='ltr'><strong>Alemannis</strong></span> <span class='ocrx_word' id='word_1_178' title='bbox 1285 3059 1483 3151; x_wconf 86' lang='lat' dir='ltr'><strong>inuoluitur,</strong></span> <span class='ocrx_word' id='word_1_179' title='bbox 1510 3053 1598 3132; x_wconf 84' lang='lat' dir='ltr'><strong>sient</strong></span> 
     </span>
     <span class='ocr_line' id='line_1_26' title="bbox 219 3157 1597 3260; baseline 0.001 -28"><span class='ocrx_word' id='word_1_180' title='bbox 219 3163 332 3250; x_wconf 88' lang='lat' dir='ltr'><strong>scitis,</strong></span> <span class='ocrx_word' id='word_1_181' title='bbox 366 3172 624 3256; x_wconf 90' lang='lat' dir='ltr'><strong>procuratorem</strong></span> <span class='ocrx_word' id='word_1_182' title='bbox 648 3163 843 3260; x_wconf 68' lang='lat' dir='ltr'><strong>ydoneum,</strong></span> <span class='ocrx_word' id='word_1_183' title='bbox 880 3165 969 3234; x_wconf 88' lang='lat' dir='ltr'><strong>eleut</strong></span> <span class='ocrx_word' id='word_1_184' title='bbox 993 3161 1064 3234; x_wconf 88' lang='lat' dir='ltr'><strong>tale</strong></span> <span class='ocrx_word' id='word_1_185' title='bbox 1087 3163 1230 3258; x_wconf 81' lang='lat' dir='ltr'><strong>requirit</strong></span> <span class='ocrx_word' id='word_1_186' title='bbox 1264 3163 1462 3255; x_wconf 80' lang='lat' dir='ltr'><strong>negotium,</strong></span> <span class='ocrx_word' id='word_1_187' title='bbox 1497 3157 1597 3233; x_wconf 80' lang='lat' dir='ltr'><strong>nobit</strong></span> 
     </span>
     <span class='ocr_line' id='line_1_27' title="bbox 218 3259 1597 3358; baseline 0.001 -26"><span class='ocrx_word' id='word_1_188' title='bbox 218 3259 344 3334; x_wconf 87' lang='lat' dir='ltr'><strong>habere</strong></span> <span class='ocrx_word' id='word_1_189' title='bbox 369 3262 628 3357; x_wconf 87' lang='lat' dir='ltr'><strong>nequeuntibus,</strong></span> <span class='ocrx_word' id='word_1_190' title='bbox 655 3265 736 3336; x_wconf 90' lang='lat' dir='ltr'><strong>lieet</strong></span> <span class='ocrx_word' id='word_1_191' title='bbox 760 3265 794 3334; x_wconf 92' lang='lat' dir='ltr'><strong>in</strong></span> <span class='ocrx_word' id='word_1_192' title='bbox 822 3261 982 3356; x_wconf 84' lang='lat' dir='ltr'><strong>grauibus</strong></span> <span class='ocrx_word' id='word_1_193' title='bbox 998 3265 1111 3336; x_wconf 76' lang='lat' dir='ltr'><strong>nauem</strong></span> <span class='ocrx_word' id='word_1_194' title='bbox 1139 3265 1214 3358; x_wconf 91' lang='lat' dir='ltr'><strong>quis</strong></span> <span class='ocrx_word' id='word_1_195' title='bbox 1227 3271 1486 3357; x_wconf 84' lang='lat' dir='ltr'><strong>procuratorem</strong></span> <span class='ocrx_word' id='word_1_196' title='bbox 1505 3271 1597 3334; x_wconf 71' lang='lat' dir='ltr'><strong>eorl-⁴</strong></span> 
     </span>
     <span class='ocr_line' id='line_1_28' title="bbox 216 3359 1597 3457; baseline 0 -25"><span class='ocrx_word' id='word_1_197' title='bbox 216 3365 359 3435; x_wconf 85' lang='lat' dir='ltr'><strong>stituere</strong></span> <span class='ocrx_word' id='word_1_198' title='bbox 384 3383 455 3434; x_wconf 90' lang='lat' dir='ltr'><strong>non</strong></span> <span class='ocrx_word' id='word_1_199' title='bbox 481 3374 634 3457; x_wconf 79' lang='lat' dir='ltr'><strong>cogatur.</strong></span> <span class='ocrx_word' id='word_1_200' title='bbox 686 3362 902 3436; x_wconf 85' lang='lat' dir='ltr'><strong>Litteratorle</strong></span> <span class='ocrx_word' id='word_1_201' title='bbox 927 3373 1041 3435; x_wconf 89' lang='lat' dir='ltr'><strong>tamen</strong></span> <span class='ocrx_word' id='word_1_202' title='bbox 1064 3361 1167 3438; x_wconf 84' lang='lat' dir='ltr'><strong>uobis</strong></span> <span class='ocrx_word' id='word_1_203' title='bbox 1194 3364 1369 3453; x_wconf 86' lang='lat' dir='ltr'><strong>nuncium,</strong></span> <span class='ocrx_word' id='word_1_204' title='bbox 1404 3379 1480 3432; x_wconf 90' lang='lat' dir='ltr'><strong>cum</strong></span> <span class='ocrx_word' id='word_1_205' title='bbox 1500 3359 1597 3456; x_wconf 78' lang='lat' dir='ltr'><strong>&#39;alind</strong></span> 
     </span>
     <span class='ocr_line' id='line_1_29' title="bbox 218 3461 1597 3554; baseline 0.001 -20"><span class='ocrx_word' id='word_1_206' title='bbox 218 3462 463 3536; x_wconf 79' lang='lat' dir='ltr'><strong>amminiculum</strong></span> <span class='ocrx_word' id='word_1_207' title='bbox 488 3485 559 3537; x_wconf 89' lang='lat' dir='ltr'><strong>non</strong></span> <span class='ocrx_word' id='word_1_208' title='bbox 585 3462 764 3554; x_wconf 89' lang='lat' dir='ltr'><strong>subesset,</strong></span> <span class='ocrx_word' id='word_1_209' title='bbox 790 3461 1046 3553; x_wconf 87' lang='lat' dir='ltr'><strong>destinanimns,</strong></span> <span class='ocrx_word' id='word_1_210' title='bbox 1071 3463 1227 3536; x_wconf 85' lang='lat' dir='ltr'><strong>absentie</strong></span> <span class='ocrx_word' id='word_1_211' title='bbox 1252 3468 1371 3536; x_wconf 88' lang='lat' dir='ltr'><strong>nostre</strong></span> <span class='ocrx_word' id='word_1_212' title='bbox 1397 3475 1534 3535; x_wconf 84' lang='lat' dir='ltr'><strong>causam</strong></span> <span class='ocrx_word' id='word_1_213' title='bbox 1560 3468 1597 3535; x_wconf 81' lang='lat' dir='ltr'><strong>et</strong></span> 
     </span>
     <span class='ocr_line' id='line_1_30' title="bbox 218 3564 1595 3660; baseline 0.001 -26"><span class='ocrx_word' id='word_1_214' title='bbox 218 3566 450 3658; x_wconf 87' lang='lat' dir='ltr'><strong>procuratoris</strong></span> <span class='ocrx_word' id='word_1_215' title='bbox 475 3567 586 3637; x_wconf 88' lang='lat' dir='ltr'><strong>nostri</strong></span> <span class='ocrx_word' id='word_1_216' title='bbox 611 3564 873 3660; x_wconf 87' lang='lat' dir='ltr'><strong>inpedimentum</strong></span> <span class='ocrx_word' id='word_1_217' title='bbox 897 3566 1018 3636; x_wconf 88' lang='lat' dir='ltr'><strong>uenire</strong></span> <span class='ocrx_word' id='word_1_218' title='bbox 1056 3585 1126 3636; x_wconf 90' lang='lat' dir='ltr'><strong>nen</strong></span> <span class='ocrx_word' id='word_1_219' title='bbox 1162 3564 1308 3636; x_wconf 85' lang='lat' dir='ltr'><strong>ualentis</strong></span> <span class='ocrx_word' id='word_1_220' title='bbox 1334 3570 1595 3660; x_wconf 68' lang='lat' dir='ltr'><strong>proponentem</strong></span> 
     </span>
     <span class='ocr_line' id='line_1_31' title="bbox 217 3666 1595 3761; baseline -0.001 -24"><span class='ocrx_word' id='word_1_221' title='bbox 217 3681 403 3760; x_wconf 86' lang='lat' dir='ltr'><strong>perquem</strong></span> <span class='ocrx_word' id='word_1_222' title='bbox 436 3667 537 3736; x_wconf 88' lang='lat' dir='ltr'><strong>etium</strong></span> <span class='ocrx_word' id='word_1_223' title='bbox 573 3667 753 3760; x_wconf 86' lang='lat' dir='ltr'><strong>petiuimus</strong></span> <span class='ocrx_word' id='word_1_224' title='bbox 777 3673 918 3761; x_wconf 89' lang='lat' dir='ltr'><strong>prepter</strong></span> <span class='ocrx_word' id='word_1_225' title='bbox 944 3681 1124 3738; x_wconf 88' lang='lat' dir='ltr'><strong>commune</strong></span> <span class='ocrx_word' id='word_1_226' title='bbox 1149 3680 1364 3759; x_wconf 77' lang='lat' dir='ltr'><strong>gwerrarum</strong></span> <span class='ocrx_word' id='word_1_227' title='bbox 1395 3666 1527 3737; x_wconf 86' lang='lat' dir='ltr'><strong>instans</strong></span> <span class='ocrx_word' id='word_1_228' title='bbox 1560 3671 1595 3735; x_wconf 91' lang='lat' dir='ltr'><strong>et</strong></span> 
     </span>
     <span class='ocr_line' id='line_1_32' title="bbox 219 3761 1596 3860; baseline 0.001 -25"><span class='ocrx_word' id='word_1_229' title='bbox 219 3766 418 3838; x_wconf 89' lang='lat' dir='ltr'><strong>inimicicias</strong></span> <span class='ocrx_word' id='word_1_230' title='bbox 446 3764 630 3860; x_wconf 88' lang='lat' dir='ltr'><strong>speciales,</strong></span> <span class='ocrx_word' id='word_1_231' title='bbox 656 3765 769 3840; x_wconf 89' lang='lat' dir='ltr'><strong>locum</strong></span> <span class='ocrx_word' id='word_1_232' title='bbox 796 3775 901 3837; x_wconf 89' lang='lat' dir='ltr'><strong>tutum</strong></span> <span class='ocrx_word' id='word_1_233' title='bbox 928 3764 1111 3857; x_wconf 71' lang='lat' dir='ltr'><strong>assignari,</strong></span> <span class='ocrx_word' id='word_1_234' title='bbox 1138 3763 1197 3838; x_wconf 79' lang='lat' dir='ltr'><strong>vbi</strong></span> <span class='ocrx_word' id='word_1_235' title='bbox 1224 3763 1267 3837; x_wconf 91' lang='lat' dir='ltr'><strong>de</strong></span> <span class='ocrx_word' id='word_1_236' title='bbox 1292 3773 1412 3840; x_wconf 88' lang='lat' dir='ltr'><strong>vestro</strong></span> <span class='ocrx_word' id='word_1_237' title='bbox 1438 3761 1596 3836; x_wconf 88' lang='lat' dir='ltr'><strong>mandato</strong></span> 
     </span>
     <span class='ocr_line' id='line_1_33' title="bbox 218 3863 1593 3964; baseline -0.002 -26"><span class='ocrx_word' id='word_1_238' title='bbox 218 3875 252 3938; x_wconf 83' lang='lat' dir='ltr'><strong>et</strong></span> <span class='ocrx_word' id='word_1_239' title='bbox 278 3885 429 3963; x_wconf 89' lang='lat' dir='ltr'><strong>persone</strong></span> <span class='ocrx_word' id='word_1_240' title='bbox 454 3867 581 3938; x_wconf 84' lang='lat' dir='ltr'><strong>noticia</strong></span> <span class='ocrx_word' id='word_1_241' title='bbox 608 3864 672 3940; x_wconf 93' lang='lat' dir='ltr'><strong>sibi</strong></span> <span class='ocrx_word' id='word_1_242' title='bbox 697 3870 845 3964; x_wconf 88' lang='lat' dir='ltr'><strong>patentis</strong></span> <span class='ocrx_word' id='word_1_243' title='bbox 870 3863 1043 3963; x_wconf 87' lang='lat' dir='ltr'><strong>prouideri</strong></span> <span class='ocrx_word' id='word_1_244' title='bbox 1066 3885 1249 3962; x_wconf 85' lang='lat' dir='ltr'><strong>possemus</strong></span> <span class='ocrx_word' id='word_1_245' title='bbox 1263 3864 1397 3962; x_wconf 89' lang='lat' dir='ltr'><strong>plenius</strong></span> <span class='ocrx_word' id='word_1_246' title='bbox 1417 3873 1465 3938; x_wconf 84' lang='lat' dir='ltr'><strong>ot</strong></span> <span class='ocrx_word' id='word_1_247' title='bbox 1485 3885 1593 3937; x_wconf 84' lang='lat' dir='ltr'><strong>seeu-</strong></span> 
     </span>
     <span class='ocr_line' id='line_1_34' title="bbox 217 3963 1593 4064; baseline 0.001 -26"><span class='ocrx_word' id='word_1_248' title='bbox 217 3967 288 4040; x_wconf 88' lang='lat' dir='ltr'><strong>rins</strong></span> <span class='ocrx_word' id='word_1_249' title='bbox 321 3968 491 4064; x_wconf 83' lang='lat' dir='ltr'><strong>experiri,</strong></span> <span class='ocrx_word' id='word_1_250' title='bbox 529 3966 685 4042; x_wconf 88' lang='lat' dir='ltr'><strong>omnihus</strong></span> <span class='ocrx_word' id='word_1_251' title='bbox 726 3968 802 4044; x_wconf 88' lang='lat' dir='ltr'><strong>aliis</strong></span> <span class='ocrx_word' id='word_1_252' title='bbox 828 3965 1087 4063; x_wconf 85' lang='lat' dir='ltr'><strong>exceptionibus</strong></span> <span class='ocrx_word' id='word_1_253' title='bbox 1119 3963 1229 4042; x_wconf 86' lang='lat' dir='ltr'><strong>nobis</strong></span> <span class='ocrx_word' id='word_1_254' title='bbox 1254 3966 1360 4043; x_wconf 85' lang='lat' dir='ltr'><strong>saluis</strong></span> <span class='ocrx_word' id='word_1_255' title='bbox 1391 3969 1428 4042; x_wconf 88' lang='lat' dir='ltr'><strong>in</strong></span> <span class='ocrx_word' id='word_1_256' title='bbox 1459 3971 1593 4063; x_wconf 77' lang='lat' dir='ltr'><strong>temper</strong></span> 
     </span>
     <span class='ocr_line' id='line_1_35' title="bbox 230 4068 1260 4158; baseline 0 -4"><span class='ocrx_word' id='word_1_257' title='bbox 230 4085 350 4158; x_wconf 54' lang='lat' dir='ltr'><strong>narseus.</strong></span> <span class='ocrx_word' id='word_1_258' title='bbox 363 4113 406 4155; x_wconf 73' lang='lat' dir='ltr'><strong>rau</strong></span> <span class='ocrx_word' id='word_1_259' title='bbox 420 4113 507 4157; x_wconf 82' lang='lat' dir='ltr'><strong>xum.</strong></span> <span class='ocrx_word' id='word_1_260' title='bbox 519 4121 565 4156; x_wconf 77' lang='lat' dir='ltr'><strong>nov.</strong></span> <span class='ocrx_word' id='word_1_261' title='bbox 581 4113 628 4156; x_wconf 77' lang='lat' dir='ltr'><strong>err.</strong></span> <span class='ocrx_word' id='word_1_262' title='bbox 642 4113 667 4154; x_wconf 83' lang='lat' dir='ltr'><strong>r.</strong></span> <span class='ocrx_word' id='word_1_263' title='bbox 1212 4068 1260 4142; x_wconf 70' lang='lat'><strong>42</strong></span> 
     </span>
    </p>
   </div>
   <div class='ocr_carea' id='block_1_5' title="bbox 0 0 1888 4728">
    <p class='ocr_par' dir='ltr' id='par_1_9' title="bbox 0 0 1888 4728">
     <span class='ocr_line' id='line_1_36' title="bbox 0 0 1888 4728; baseline 0 2"><span class='ocrx_word' id='word_1_264' title='bbox 0 0 1888 4728; x_wconf 95' lang='lat' dir='ltr'><strong> </strong></span> 
     </span>
    </p>
   </div>
  </div>
 </body>
</html>
