3768 4728
853 325 1073 408 bionumeuts

833 669 1073 747 cclxxxvi.

634 874 721 938 Atrum
747 869 847 952 tuta,
872 871 921 938 20.
945 875 1066 958 Aprilis,
1090 871 1281 958 wirceburg.

267 1061 480 1134 llermannus
506 1059 760 1157 herbipolensis
788 1064 970 1156 episcopus
998 1083 1017 1132 a
1046 1059 1203 1134 Conrado
1238 1059 1407 1132 advocato
1435 1059 1478 1132 de
1503 1061 1651 1135 Heidin-

266 1162 340 1235 uelt
382 1162 622 1236 dimidietatem
669 1160 870 1232 advocatiae
919 1161 1092 1234 ecclesiae
1130 1164 1165 1254 in
1184 1159 1399 1234 ·Heidinvelt
1440 1184 1516 1232 cum
1555 1162 1649 1236 villis

304 1261 503 1357 quibusdam
528 1285 590 1359 pro
618 1261 873 1357 quadringentis
901 1271 935 1332 et
961 1259 1182 1357 quadraginta
1206 1265 1330 1336 marcis
1357 1265 1492 1356 argenti
1519 1265 1610 1335 emit.

366 1433 406 1504 ll.
435 1431 490 1505 dei
517 1437 627 1528 gratia
652 1431 904 1528 herbipolensis
931 1435 1126 1528 episcopus.
1177 1431 1345 1505 Noueriut
1369 1435 1525 1508 uniuersi
1552 1432 1649 1508 huius

265 1537 390 1630 pagine
417 1537 646 1629 inspectores,
673 1533 762 1629 quod
789 1555 864 1606 cum
889 1555 955 1606 nos
983 1556 1002 1604 a
1028 1533 1153 1604 dilecto
1178 1530 1270 1605 fideli
1296 1544 1418 1607 nostro
1446 1532 1649 1606 Gunrado

267 1633 356 1706 dicto
384 1633 550 1707 aduocato
576 1634 619 1706 de
644 1633 910 1707 Heidinuelt
936 1631 1174 1706 dimidietatem
1211 1632 1390 1707 aduocatio
1427 1633 1579 1707 ecclesie
1615 1637 1650 1706 iu

265 1733 538 1808 Heidinuelt
564 1757 639 1806 cum
664 1735 759 1810 villis
785 1732 1083 1824 vaen‘rodic„
1110 1732 1466 1826 Golondisheim,
1491 1732 1647 1807 Batib-

266 1834 579 1910 chesbrunniu
606 1846 640 1908 et
666 1845 810 1932 quatuor
835 1835 919 1906 leti
945 1832 1142 1906 inVolha
1168 1855 1244 1906 cum
1269 1833 1524 1932 quatuordecim
1551 1837 1647 1908 umis

265 1937 337 2009 viui
349 1945 384 2012 et
399 1934 533 2008 dimidia
547 1959 634 2010 vrna
645 1933 782 2027 itidem
809 1943 844 2007 et
857 1933 1013 2030 quicquid
1032 1931 1061 2026 ¹)
1074 1929 1458 2032 llyrsudrtebabuit
1469 1937 1504 2008 in
1519 1933 1646 2030 Mago

264 2043 333 2108 tam
359 2039 393 2107 in
418 2038 589 2133 piscariis,
615 2059 714 2134 quam
739 2039 775 2108 in
801 2033 1027 2124 molendinis,
1054 2031 1137 2109 duas
1165 2045 1317 2110 carratas
1354 2037 1427 2108 viui
1453 2033 1580 2109 dandas
1607 2035 1648 2110 ab

265 2135 416 2212 ecclesia
442 2136 484 2208 de
509 2135 786 2227 Heidinuelt,
811 2155 913 2207 vuam
942 2131 1427 2224 demonteWisilberch
1454 2130 1647 2208 etalteram

265 2233 307 2309 de
332 2233 1150 2334 montellyrhbercpropeVolha‚quicquid
1165 2231 1192 2328 ¹)
1205 2231 1320 2307 babuit
1334 2233 1648 2310 inlleidinuclt

264 2337 339 2412 siue
365 2348 462 2414 esset
486 2339 678 2435 proprietas
703 2337 762 2409 uel
787 2334 925 2408 feodum
959 2343 993 2406 et
1028 2355 1129 2406 unum
1155 2334 1260 2426 leti,
1294 2333 1385 2432 quod
1416 2334 1646 2411 concedemus

262 2437 393 2510 cuidam
432 2461 536 2514 seruo
576 2436 752 2528 Othoni,
792 2435 884 2509 bona
921 2437 1045 2525 etiam,
1084 2455 1150 2529 qne
1184 2432 1285 2507 Otto
1324 2434 1367 2509 de
1403 2434 1645 2509 Stambeim

259 2534 376 2612 babuit
401 2538 537 2635 abipso
564 2533 1133 2626 invillaOteriscbeshusin‚
1158 2537 1296 2608 vineam
1314 2535 1646 2610 unamiuGrubin

260 2638 453 2713 soluentem
480 2648 551 2712 tres
570 2658 674 2711 vrnas
699 2638 783 2726 vni,
810 2646 845 2707 et
859 2633 1015 2730 quicquid
1029 2633 1058 2731 ¹)
1086 2637 1169 2709 iuris
1183 2633 1299 2708 habuit
1322 2638 1358 2708 iu
1383 2633 1485 2712 bouis
1510 2635 1645 2712 Nort-

259 2735 378 2811 heim
404 2739 609 2812 emissemus
635 2757 698 2832 pro
726 2734 982 2830 quadringentis
1017 2745 1053 2807 et
1084 2733 1306 2830 quadraginta
1339 2739 1465 2812 marcis
1499 2741 1645 2832 argenti,

259 2859 326 2912 nos
353 2859 416 2912 sue
442 2835 673 2934 indempnitati
700 2855 825 2908 canere
849 2835 1023 2926 uolentes,
1048 2833 1202 2909 dedimus
1229 2835 1294 2909 sibi
1320 2835 1493 2911 admanns
1509 2847 1645 2911 cenum

258 2959 392 3012 marcas
420 2941 529 3012 minus
557 2935 709 3011 sedecim
734 2938 872 3029 marcis,
899 2945 933 3008 et
958 2937 1195 3010 concessimus
1222 2935 1287 3010 sibi
1313 2947 1349 3009 et
1374 2940 1446 3010 suis
1461 2936 1643 3012 heredibus

259 3059 301 3110 uc
326 3042 430 3112 uxori
457 3060 532 3128 sue‚
557 3059 620 3132 pro
649 3033 802 3112 ducentis
829 3037 953 3111 marcis
979 3040 1014 3108 iu
1039 3035 1245 3109 Karbahc
1270 3035 1312 3110 ad
1327 3035 1492 3110 tredecim
1504 3037 1644 3132 talenta,

257 3139 293 3208 in
318 3136 608 3212 hulleschsit
634 3135 814 3212 adnouem
835 3137 974 3228 alanta,
1001 3147 1036 3210 et
1061 3135 1320 3210 inllonburc
1346 3136 1388 3210 ad
1412 3141 1477 3211 tria
1503 3137 1641 3214 talenta.

256 3236 325 3310 l’ro
353 3249 486 3311 oenum
508 3259 599 3311 uero
626 3247 661 3310 at
686 3240 926 3334 quinquaginta
951 3259 1019 3312 sex
1045 3239 1168 3314 marcis
1196 3239 1432 3313 concessimus
1460 3241 1491 3312 ei
1517 3248 1553 3314 st
1569 3241 1642 3318 sitis

256 3335 439 3414 heredibus
467 3337 510 3412 ad
533 3341 657 3434 viginti
683 3339 811 3411 talenta
836 3341 870 3411 in
896 3336 1241 3411 Randisaclrare
1275 3348 1310 3411 et
1342 3341 1377 3410 in
1403 3337 1642 3414 Honburub

257 3437 300 3512 ad
324 3462 450 3513 nouem
477 3440 609 3513 modios
637 3439 784 3534 siliginis
808 3459 872 3534 pro
898 3461 966 3511 uno
992 3437 1146 3530 talento,
1179 3437 1239 3510 tall
1272 3437 1315 3511 de
1351 3439 1509 3514 omuibus
1541 3438 1641 3516 bom·

257 3537 323 3612 sibi
346 3543 525 3614 concessis
566 3549 666 3636 pacto
699 3541 829 3636 pariter
865 3547 899 3610 et
925 3547 1076 3630 statuto,
1114 3548 1153 3610 ut
1176 3537 1444 3636 quandocunque
1480 3559 1546 3614 uos
1582 3541 1641 3614 uel

256 3643 366 3715 nostri
407 3662 632 3715 successores
676 3639 913 3729 uoluerimus,
949 3637 1136 3712 redimendi
1176 3637 1295 3711 eadem
1327 3637 1418 3712 bona
1456 3637 1640 3716 babeamus

255 3737 399 3813 liberam
425 3751 641 3836 potestatem.
692 3739 737 3813 Et
760 3749 798 3810 ut
821 3737 887 3810 hec
914 3747 980 3810 tam
1005 3736 1125 3830 uobis,
1160 3761 1258 3834 quam
1291 3743 1422 3816 ansuis
1447 3761 1640 3817 successo·-

255 3837 348 3915 ribus
383 3861 483 3935 quarn
508 3843 609 3913 etiam
635 3839 725 3914 dicto
753 3837 910 3912 Oumado
936 3849 971 3911 et
997 3839 1068 3913 suis
1094 3837 1276 3914 heredibus
1300 3837 1543 3914 inuiolabiliter
1570 3839 1639 3916 ob·

255 3951 458 4032 seruentur,
482 3949 681 4036 presentem
705 3939 852 4014 litteram
886 3935 1011 4014 exinde
1046 3941 1272 4037 conscriptam
1297 3934 1423 4038 sigillis
1449 3951 1571 4018 nostro
1604 3951 1640 4016 et
