3776 4730
324 427 399 526 ild
904 445 1123 525 anumenta

321 653 500 730 lnleriro,
521 643 762 714 Htr‘sselinu's
784 647 877 715 ir'a'ter
899 656 983 731 dus,
1007 649 1214 718 Gotlridus
1235 645 1439 729 Lanlithe,
1472 642 1708 712 lirldericus

321 739 456 820 Holus,
478 738 752 806 Erkenboldus
774 737 1058 802 etFusselinus
1081 737 1190 800 fratres
1206 744 1263 820 sui,
1284 728 1502 828 Heinricus
1525 734 1563 796 de
1587 733 1709 798 Rebe-

322 826 456 904 stocb,
488 824 698 887 Heio-ricus
722 823 861 910 liuius,
893 823 1094 890 Jobonnes
1117 821 1356 902 Volonandi,
1391 822 1486 886 Otto
1508 821 1641 900 Petri,
1676 821 1707 884 C.

320 911 400 992 illius
420 908 641 973 Eukebardi
664 910 702 971 de
723 907 1000 992 Heidenheim‚
1031 909 1264 973 Volkelinus
1299 904 1377 974 lilius
1401 913 1536 992 magistri
1570 911 1708 988 eoqulne,

320 982 537 1068 Bru‘nlinus
561 993 798 1078 Heirrwardi,
821 989 1082 1059 Jolrannes'de
1101 995 1256 1075 Ariete,
1281 996 1313 1058 C.
1347 995 1385 1056 de
1407 993 1568 1074 Nicbte‚
1601 991 1636 1055 H.
1670 993 1709 1055 de

319 1081 476 1161 Niohte,
509 1074 754 1144 Wollelinus
786 1086 989 1161 monetarius,
1018 1081 1291 1165 Engelhardus
1314 1079 1353 1142 de
1374 1080 1650 1159 Holenburcb,
1672 1079 1709 1142 H

320 1169 359 1229 de
389 1163 657 1244 Swinlurihe,
690 1167 929 1230 Hermannus
962 1167 1000 1231 de
1031 1165 1241 1247 Vribereb,
1273 1167 1393 1230 (lotio
1426 1165 1464 1230 de
1498 1165 1708 1244 Vriberclr,

321 1254 443 1317 Gotzo
465 1252 556 1316 Hire
579 1260 609 1315 et
630 1252 664 1315 H.
687 1251 909 1333 Welbeler,
932 1259 1056 1336 insuper
1080 1252 1278 1318 Conradus
1299 1253 1439 1336 Niger,
1461 1257 1599 1338 institor,
1617 1253 1710 1334 jurati

320 1340 444 1402 exibunt
466 1343 617 1402 ciuitatem
639 1337 903 1419 herbipolensem,
940 1359 1007 1402 cum
1029 1343 1131 1402 moniti
1155 1339 1264 1401 luerint
1286 1339 1322 1400 ab
1345 1343 1489 1419 episcopo
1513 1344 1543 1400 et
1565 1343 1711 1418 recipient

320 1443 356 1488 se
378 1444 462 1488 more
484 1424 675 1488 fideiussorio
710 1429 774 1485 sine
804 1443 901 1486 vara
923 1430 955 1486 ln
977 1424 1194 1488 Ossenlurt
1216 1427 1265 1488 vel
1287 1424 1516 1502 Harlestet,
1547 1441 1607 1486 non
1638 1421 1709 1485 inde

317 1517 472 1575 recessuri
495 1515 551 1572 uisi
581 1509 660 1573 laeta
690 1509 894 1572 satisfactione
929 1516 1074 1592 episcopo
1105 1516 1135 1572 in
1168 1516 1253 1573 curius
1286 1505 1435 1571 conductu
1469 1516 1558 1571 erunt
1590 1515 1708 1588 euntes,

317 1603 472 1660 morantes
495 1603 526 1657 et
547 1593 723 1659 redeuntes.
767 1595 885 1658 Dictum
909 1604 957 1659 est
979 1601 1089 1676 etiam,
1121 1595 1201 1678 quod
1231 1601 1256 1659 si
1280 1599 1423 1676 episcopo
1447 1595 1576 1676 aliquem
1599 1599 1709 1658 ciuium

318 1690 493 1765 suspectum
513 1680 635 1744 habebit
656 1679 694 1744 de
716 1679 846 1744 falsitate
868 1689 991 1745 monete
1014 1687 1081 1745 siue
1112 1681 1150 1744 de
1182 1687 1242 1744 vini
1275 1681 1538 1764 sophisticatlone,
1572 1684 1638 1743 siue
1668 1679 1708 1743 de

317 1769 376 1832 alio
399 1786 580 1850 quocunque
602 1774 698 1846 reatu,
720 1771 751 1827 in
774 1767 873 1847 aliqua
895 1769 1013 1831 lesione
1036 1773 1081 1830 sui
1101 1770 1187 1850 juris
1211 1765 1290 1848 quod
1313 1765 1410 1830 trabat
1431 1784 1499 1828 eum
1521 1771 1551 1827 in
1574 1784 1707 1846 causam,

317 1861 349 1916 et
370 1853 421 1918 fiat
442 1853 480 1916 de
503 1871 540 1916 eo
552 1900 561 1933 ,
593 1850 674 1934 quod
696 1851 854 1916 dictauerit
875 1858 1037 1934 sententia,
1078 1855 1152 1916 ltem
1185 1859 1345 1936 episcopus
1376 1859 1556 1934 potestatem
1586 1851 1708 1914 babebit

317 1938 357 2002 de
379 1939 572 2022 zumpbtis
597 1937 766 2020 deponendi
788 1939 838 2001 uel
860 1940 1050 2020 relinquendi
1080 1957 1135 2002 eos
1163 1959 1218 2021 pro
1241 1958 1296 2002 sue
1317 1939 1479 2002 voluntate.
1524 1938 1597 2000 ltem
1620 1943 1706 2002 elues

315 2044 377 2089 non
398 2025 550 2088 habebunt
572 2025 728 2089 consilium
751 2025 800 2086 vel
823 2031 987 2110 magisuos
1008 2030 1119 2088 ciuium
1136 2031 1192 2088 nisi
1209 2025 1246 2088 ad
1259 2026 1441 2089 voluntatem
1456 2029 1599 2106 episcopi.
1632 2023 1706 2087 ltem

316 2117 402 2176 clues
423 2109 639 2194 presentabant
660 2109 791 2194 sigillum
814 2117 845 2172 et
867 2105 970 2173 claues
990 2105 1146 2192 'portarum
1180 2109 1307 2174 ciuitatis
1339 2116 1370 2172 in
1403 2109 1539 2172 manibus
1571 2115 1706 2192 episcopi

316 2197 356 2264 ad
376 2203 503 2284 gratiam
522 2201 596 2260 eius.
642 2196 714 2260 ltern
731 2197 848 2283 clerus,
871 2195 989 2260 nobiles
1014 2203 1111 2276 terre,
1134 2195 1354 2276 ministeriales,
1378 2204 1580 2275 mercatum,
1604 2215 1705 2278 popu-

314 2283 396 2348 lares
420 2289 451 2346 et
473 2283 623 2362 mulces,
655 2287 863 2363 unusquisque
895 2281 1038 2366 gaudebit
1067 2283 1137 2364 jure
1172 2289 1203 2344 et
1235 2281 1372 2345 libertate
1402 2297 1465 2344 sua.
1517 2281 1591 2344 ltem
1621 2287 1706 2346 dues

316 2371 482 2437 seruabant
503 2367 691 2450 conductum,
715 2386 804 2450 quem
838 2367 955 2430 dederit
983 2374 1152 2450 episcopus.
1196 2367 1309 2432 Verum
1340 2387 1407 2430 cum
1429 2375 1551 2449 propter
1583 2367 1704 2448 bellum,

315 2463 364 2521 ouri
386 2475 509 2540 operam
531 2455 683 2519 dederunt
703 2460 798 2527 ciues,
822 2459 983 2536 episcopus
1003 2473 1116 2539 graues
1139 2455 1260 2522 labores
1283 2459 1457 2520 sustinuerit
1487 2460 1518 2516 et
1541 2471 1705 2540 expensas,

315 2543 425 2607 dictum
448 2551 504 2622 est,
526 2542 608 2623 quod
630 2547 714 2604 ciues
736 2537 847 2603 dabunt
870 2545 1015 2622 episcopo
1029 2539 1088 2602 duo
1104 2541 1183 2625 milia
1200 2559 1365 2602 morcarum
1381 2544 1498 2623 argenti
1515 2547 1545 2601 et
1559 2535 1706 2602 ducentas

314 2647 432 2694 marcas
454 2629 580 2693 consilio
602 2646 667 2690 suo.
711 2625 792 2688 Hille
815 2645 932 2689 marcas
956 2625 1066 2688 dabunt
1087 2631 1117 2686 in
1138 2631 1275 2708 proximo
1297 2627 1375 2688 sesto
1390 2625 1470 2688 beati
1482 2623 1608 2706 Hartini,
1631 2627 1705 2690 alias

314 2712 396 2779 mille
415 2731 533 2778 rnercas
555 2717 586 2775 in
608 2713 686 2776 lesio
708 2705 883 2797 walpurgis
913 2718 1049 2794 proximo
1072 2709 1277 2792 subsequenti.
1322 2713 1367 2774 De
1398 2711 1456 2776 boc
1487 2716 1706 2776 constituerunt

313 2801 523 2879 fideiussores,
547 2799 665 2862 nobiles
687 2802 782 2860 uiros:
805 2797 837 2859 L.
864 2805 893 2859 et
909 2799 943 2861 G.
967 2803 1093 2860 comites
1108 2799 1146 2861 de
1168 2797 1355 2876 Rienelre,
1375 2795 1410 2860 H.
1436 2805 1466 2860 ot
1489 2797 1523 2862 G.
1547 2797 1586 2860 de
1608 2797 1703 2862 Bru-

311 2885 455 2964 'neolre3
478 2885 604 2948 milites:
629 2883 889 2946 Goteboldum
907 2883 1063 2962 (lresse,
1085 2884 1121 2947 H.
1146 2884 1319 2962 Cresse,
1338 2883 1514 2968 iringum
1537 2881 1703 2964 cresse,

312 2970 588 3054 ldarquardum
605 2969 771 3048 Grusen,
793 2969 826 3031 H.
845 2969 1070 3048 Goteboldl‚
1093 2969 1463 3048 lohannemHaken,
1486 2968 1703 3034 Cvnradurn

313 3059 445 3140 Paris,
468 3055 763 3120 Hiltebrandum
785 3052 824 3117 de
846 3055 996 3132 Luden,
1019 3055 1259 3118 Waltherum
1280 3055 1499 3119 Wulturem
1522 3063 1553 3118 et
1575 3051 1703 3134 ...;¹)

314 3151 399 3209 ciues
412 3148 518 3228 viginti
533 3149 676 3224 quatuor:
698 3139 926 3203 Heinoldum
942 3141 1193 3222 deVribercb‚
1216 3140 1461 3204 Ekelnardum
1477 3139 1702 3206 deHeiden-

308 3229 502 3311 ·heim,Fr.
524 3227 745 3307 Willemit,
779 3227 994 3310 Applonem
1015 3227 1251 3306 Willenmdt,
1284 3227 1319 3292 H.
1342 3225 1380 3290 de
1402 3226 1582 3308 Bleileli,
1606 3227 1639 3291 B.
1663 3227 1703 3291 de

313 3315 543 3402 Heigingen
565 3321 596 3376 et
617 3313 662 3392 H,
684 3313 775 3376 lilium
799 3328 896 3392 suum,
919 3311 954 3376 H.
977 3311 1015 3374 de
1037 3311 1315 3398 Belgerrutbe,
1336 3311 1375 3377 H.
1398 3311 1701 3398 dergenbeim,

313 3403 541 3468 Heinrioum
562 3395 682 3478 Petri,
705 3398 948 3486 Hidegerum
971 3396 1009 3460 de
1031 3397 1216 3478 blasuelt,
1248 3398 1461 3462 Gunradum
1483 3407 1643 3481 nepotem,
1666 3399 1700 3464 C.

314 3485 599 3565 dellebestocb,
623 3482 684 3547 Th.
703 3482 1092 3564 Pictorem,Arnoldum
1109 3483 1300 3563 de'lanne,
1324 3483 1411 3561 ...¹)
1434 3482 1700 3568 liuzlrorpber,

316 3573 348 3638 C.
373 3573 412 3636 de
433 3570 707 3654 Hepbenbeim,
731 3571 763 3636 O.
786 3570 825 3634 de
845 3571 992 3654 Auges,
1016 3569 1206 3655 Hddegerum
1229 3570 1266 3632 de
1288 3571 1610 3720 aniqlesbouen,
1634 3571 1700 3635 Vl-

312 3665 434 3724 rlcum
470 3657 591 3722 fratrem
625 3657 871 3737 Zwelmosti,
907 3655 1112 3720 Heroldum
1147 3656 1185 3718 de
1221 3655 1393 3738 Verspac
1430 3703 1439 3738 ,
1478 3656 1699 3739 Bopponem

313 3744 560 3824 lnstltorem‚
583 3743 830 3806 Hertmudum
853 3741 1085 3805 Carnificem
1109 3749 1140 3803 et
1161 3741 1194 3804 G.
1218 3742 1397 3806 Sweuum.
1442 3741 1499 3816 Qui
1521 3748 1625 3808 moniti
1644 3761 1701 3826 per

315 3837 490 3916 episcopum
512 3827 722 3892 fideiussorum
745 3847 829 3890 more
852 3845 887 3891 se
909 3833 1056 3908 recipient
1079 3833 1109 3889 in
1131 3827 1332 3890 Harlestat
1352 3829 1402 3892 vel
1423 3833 1454 3891 in
1476 3828 1700 3910 Ossenlurt,

313 3935 376 3982 non
398 3919 506 3980 extorri
528 3931 688 3997 quousque
711 3919 852 3996 episcopo
874 3913 913 3974 de
934 3915 1081 3994 premissa
1102 3918 1228 3994 pecunia
1257 3913 1401 3994 satisfiat,
1433 3920 1465 3976 et
1486 3922 1574 3978 erunt
1594 3933 1700 3982 omnes

314 4003 426 4085 eundo,
448 3999 553 4065 stando
576 4007 606 4062 et
627 3998 785 4063 redeundo
806 4005 836 4063 ln
858 3997 1007 4062 conductu
1022 4003 1166 4082 episcopi.
1187 3999 1225 4062 Et
1239 4003 1265 4063 st
1279 3999 1387 4080 aliquis
1401 4001 1453 4082 uel
1467 4001 1558 4082 aliqui
1571 4006 1698 4066 istorum

313 4087 367 4158 uel
398 4091 671 4172 suprascriptorum
689 4075 913 4152 'idemssonim
941 4081 1111 4152 decesserit
1141 4085 1192 4151 uel
1224 4081 1431 4169 decesserint,
1464 4085 1539 4154 alius
1571 4087 1622 4153 vol
1648 4089 1698 4154 alii
