3774 4728
318 439 394 514 sto
901 431 1119 508 sumamma

321 638 520 714 discretioni
547 646 603 707 tue
628 657 689 730 per
712 633 902 731 apostoliea
928 637 1055 730 scripta
1071 633 1280 724 mandamns,
1307 639 1473 730 quatenus
1490 633 1600 728 ipsum
1614 653 1702 704 aue·

321 742 460 812 tor-itate
485 745 604 809 nostra
629 739 664 807 ln
690 734 923 830 berblpolensi
949 734 1100 806 ecclesia
1126 738 1233 832 recipi
1260 734 1366 808 iacias
1393 735 1641 805 incanonicam
1669 741 1704 804 et

320 843 357 912 in
380 837 521 910 fratrem
548 838 648 932 eique
674 833 847 932 prouideri
875 837 952 908 siva
977 834 1161 931 prouidens
1188 835 1230 908 de
1257 833 1441 931 prebenda,
1468 836 1499 905 si
1523 841 1704 928 quavacat

319 939 443 1012 ibidem
470 936 513 1009 ad
538 957 705 1032 presens,
732 936 791 1010 vel
817 939 1058 1032 quamprimum
1086 933 1245 1008 obtulerit
1271 959 1310 1009 se
1336 933 1501 1024 incultas,
1537 955 1607 1006 non
1633 929 1702 1006 ob-

320 1037 500 1130 stantibus,
527 1035 617 1132 quod
644 1036 733 1108 idem
759 1035 844 1108 alias
870 1035 1092 1110 beneficiatus
1119 1039 1256 1126 existit,
1290 1037 1408 1109 scusi
1434 1056 1499 1107 nos
1526 1033 1585 1106 vel
1611 1055 1703 1128 apo-

321 1139 446 1212 stolice
472 1137 566 1210 sedis
603 1138 709 1231 legati
744 1149 807 1234 pio
844 1160 887 1210 eo
915 1137 993 1208 alibi
1034 1149 1088 1210 ant
1124 1141 1161 1209 in
1194 1134 1490 1209 eademecolesia
1515 1135 1702 1206 direximus

321 1243 459 1336 scripta„
472 1249 590 1312 nostra
614 1261 676 1333 pro
703 1238 779 1312 aliis
805 1237 938 1332 quibus,
964 1239 1165 1312 auctoritaie
1180 1239 1396 1332 presentium
1431 1234 1590 1308 nolumus
1616 1255 1703 1329 pre-

323 1339 482 1416 iudiciutn
507 1341 680 1431 generari,
708 1342 782 1412 sino
810 1349 935 1411 statuto
976 1337 1017 1409 de
1045 1348 1139 1408 corto
1168 1341 1409 1409 canonicorum
1435 1355 1578 1408 rrumero
1605 1337 1704 1406 iura-

323 1450 437 1512 mento
464 1439 522 1510 vel
548 1439 616 1510 alia
639 1435 795 1511 firmitate
820 1439 972 1527 vallato,
1012 1461 1074 1510 seu
1108 1441 1138 1511 si
1175 1441 1334 1533 personis
1374 1435 1526 1508 eiusdem
1551 1435 1703 1508 ecclesie

324 1551 377 1612 est
402 1539 444 1612 ab
471 1543 543 1634 ipso
571 1537 654 1610 sede
682 1538 856 1628 indultum,
883 1537 972 1633 quod
999 1541 1095 1609 citari
1119 1538 1178 1610 uel
1205 1537 1247 1608 ad
1272 1539 1504 1632 receptionem
1532 1545 1588 1608 aut
1613 1557 1703 1632 pro-

322 1643 492 1713 visionem
519 1639 681 1730 alicuius,
708 1641 809 1712 etiam
844 1642 874 1713 si
900 1639 1040 1712 alerius
1067 1639 1217 1710 ecclesia
1244 1639 1288 1714 sit
1314 1640 1517 1727 canonicus,
1544 1635 1706 1732 compelli

325 1745 399 1812 siue
425 1738 600 1828 interdici,
640 1739 800 1836 suspendi
835 1750 869 1811 et
903 1743 1190 1812 excommunicari
1224 1762 1293 1811 non
1327 1741 1460 1834 possint
1485 1760 1546 1833 per
1571 1737 1704 1808 litteras

327 1840 536 1937 apostolicas
562 1861 631 1912 non
658 1838 824 1915 iacientes
851 1840 985 1936 plenam
1024 1841 1065 1910 do
1105 1839 1231 1913 indulto
1267 1836 1456 1912 huiusmodi
1497 1841 1705 1910 mentionem

326 1951 383 2012 aut
405 1937 554 2035 qualibet
579 1940 825 2014 consuetudine
852 1943 1023 2014 contraria
1050 1951 1084 2012 et
1110 1941 1373 2036 quibuscumque
1399 1937 1618 2032 indulgentiis
1647 1937 1706 2008 uel

325 2042 448 2114 litteris
475 2041 676 2136 apostolicis
710 2053 766 2114 aut
799 2042 992 2134 legatorum
1028 2040 1179 2113 eiarsdem
1220 2040 1333 2132 sedis,
1372 2063 1433 2136 per
1472 2062 1555 2134 quas
1594 2041 1707 2133 possit

325 2140 479 2237 impediri
507 2141 648 2214 eil'ectus
674 2153 793 2216 nostra
828 2147 937 2236 gratie
971 2143 1030 2214 uel
1057 2141 1181 2214 ‹lillerri
1217 2153 1252 2214 et
1284 2141 1326 2213 de
1361 2140 1478 2236 quibus
1516 2143 1549 2211 in
1576 2141 1706 2214 rrostris

326 2241 448 2314 litteris
484 2244 610 2314 ruentia
649 2243 721 2314 lieri
754 2241 876 2316 debeat
903 2243 1082 2338 specialis.
1119 2265 1183 2316 aec
1222 2264 1290 2316 non
1325 2252 1360 2312 et
1394 2243 1637 2316 constitutione
1664 2238 1707 2312 de

326 2340 454 2414 duabus
482 2341 580 2414 dietis
608 2343 697 2414 edita
724 2347 757 2415 in
785 2345 932 2416 correilio
960 2344 1114 2437 garrerali
1141 2343 1410 2416 oorrtnadiotoros
1438 2361 1707 2438 percensuram

326 2441 596 2514 ecclesiasticam
622 2442 851 2538 appellatione
877 2448 1069 2540 postposita
1096 2441 1358 2538 compescendo.
1384 2441 1456 2516 Nos
1471 2445 1561 2516 enim
1577 2441 1707 2514 decar-

325 2544 437 2626 nimus
463 2545 591 2616 irritum
619 2553 652 2614 ot
678 2546 778 2616 irrane
793 2545 901 2638 siquid
917 2567 1019 2640 super·
1035 2544 1102 2616 lroc
1117 2553 1235 2616 contra
1259 2542 1404 2616 mandati
1428 2545 1537 2616 nostri
1550 2553 1708 2616 tenorem

324 2641 428 2714 luerit
453 2651 693 2738 attemptatum.
745 2643 866 2730 Datum
894 2645 1045 2738 Lurgdnni
1072 2642 1143 2716 Vll.
1171 2641 1336 2717 kalendas
1364 2641 1587 2740 Septerabris,
1613 2665 1706 2739 pon-

325 2740 469 2815 tificatus
494 2746 604 2815 nostri
629 2765 717 2814 anno
746 2748 928 2840 septimof³

430 2841 538 2914 llnins
565 2845 668 2935 igitar
694 2848 894 2917 auctoritate
922 2845 1088 2935 mandati,
1123 2845 1212 2940 quod
1239 2845 1350 2919 sordis
1377 2843 1513 2916 alaribus
1539 2845 1706 2940 preterire

327 2963 395 3014 non
421 2961 606 3036 possumus
631 2963 698 3013 neo
723 2941 899 3037 debemus,
925 2945 1119 3020 mandamus
1146 2945 1259 3037 vobis,
1286 2955 1322 3017 ut
1345 2945 1512 3041 prelatum
1539 2943 1707 3017 Worn-

326 3041 475 3112 borum
510 3039 553 3112 de
589 3041 796 3115 Horneke
831 3051 1030 3118 canonicum
1057 3051 1247 3142 spirensem
1287 3050 1320 3117 in
1359 3049 1558 3118 canonicum
1600 3053 1635 3116 et
1673 3048 1708 3116 in

325 3141 465 3214 fratrem
491 3144 662 3237 recipiatis
688 3165 798 3239 usqua
825 3145 866 3218 ad
892 3148 1014 3220 testum
1041 3146 1413 3242 pur-ilicationissancte
1426 3146 1535 3218 llario
1547 3147 1707 3241 proximo

222 3285 225 3292 ,
325 3241 484 3332 futurum,
509 3241 728 3338 prebendam,
755 3249 784 3319 si
810 3269 875 3341 qua
899 3259 998 3320 vacat
1033 3247 1073 3318 ad
1107 3271 1251 3344 presens
1290 3247 1349 3321 uel
1376 3269 1473 3342 qaam
1500 3249 1568 3317 cito
1595 3267 1707 3318 voca·

325 3345 427 3432 uerit,
452 3346 484 3414 ei
511 3365 572 3414 seu
598 3349 830 3440 procuratori,
857 3371 955 3443 quem
982 3347 1023 3418 od
1048 3347 1115 3419 boo
1141 3349 1290 3421 voluerit
1315 3347 1499 3438 destinare,
1527 3345 1571 3418 ob
1597 3367 1707 3418 roue-

327 3446 473 3515 renuam
497 3443 591 3516 sedis
618 3445 811 3540 apostolice
837 3451 1064 3541 assignantes.
1118 3447 1364 3543 Suspendimus
1382 3451 1483 3520 etiam
1499 3469 1566 3520 vos
1577 3445 1707 3518 niobil·

328 3545 461 3616 ominus
487 3567 506 3614 a
532 3543 720 3618 collatione
745 3547 991 3642 prebendarum
1019 3571 1195 3643 quousque
1221 3552 1255 3619 ei
1281 3552 1373 3620 iuxta
1394 3549 1538 3621 formam
1561 3546 1708 3620 mandati

326 3641 426 3716 nobis
452 3643 564 3715 traditi
590 3648 623 3718 in
651 3647 801 3721 ecclesia
828 3648 1195 3744 vastraprovideamus
1215 3651 1341 3719 irritum
1359 3651 1521 3731 elinane,
1547 3652 1576 3720 si
1604 3667 1707 3721 secus

326 3743 491 3833 feceritis,
517 3749 634 3840 vtique
660 3745 715 3818 die
740 3747 831 3822 festo
858 3750 991 3822 scilicet
1016 3747 1257 3844 purificationis
1285 3752 1483 3845 processuri
1504 3753 1538 3820 in
1563 3751 1707 3842 negotio

328 3842 450 3915 eodem
477 3867 497 3915 a
524 3844 622 3918 nobis
650 3869 713 3918 seu
738 3859 961 3943 procuratore
988 3859 1105 3922 uestro
1130 3849 1291 3922 volumus
1317 3852 1503 3921 cerciorari
1522 3851 1708 3944 inproprie

326 3965 477 4039 persona
501 3945 561 4016 vel
587 3950 696 4019 nostri
724 3947 938 4042 subdelegati
963 3952 995 4020 in
1011 3949 1160 4023 ecclesia
1187 3952 1296 4024 sancti
1308 3949 1467 4022 Germani
1478 3959 1575 4022 extra
1589 3971 1707 4022 muros

329 4047 516 4140 spirenses,
543 4047 573 4116 si
599 4046 756 4120 mandato
782 4052 815 4121 in
842 4049 905 4120 bac
928 4059 1024 4146 parte
1049 4050 1165 4126 uelitis
1192 4049 1384 4147 apostolico
1412 4049 1577 4142 obedire,
1605 4049 1708 4123 audi·
