3776 4730
612 481 830 576 episcopatus
859 479 1150 577 wirsiburgensis.
1504 471 1577 559 509
1675 593 1680 602 .

403 647 496 738 lensls
520 675 619 758 sigillo
643 695 699 742 suo
731 679 803 742 iecit
827 682 1003 744 communiri
1024 699 1124 761 „anno
1154 679 1233 743 llCC
1267 689 1462 767 nonagesimo
1485 705 1576 767 nono,

403 767 509 842 quarto
531 761 598 824 idus
620 761 726 834 liarttt,
748 771 778 827 tn
802 765 850 828 die
873 766 950 828 baeti
974 766 1113 850 Gregorii
1136 771 1245 850 paps“.
1467 779 1472 788 '

400 887 482 954 Hunc
505 897 625 972 ceriam,
650 897 678 955 tn
703 895 832 982 linguam
846 904 1047 978 germanicam
1067 917 1196 980 versam,
1214 897 1334 962 exhibet
1349 892 1481 964 Friustns
1500 901 1576 984 apud

401 977 546 1063 Ludcwig
569 977 736 1062 Scriptores
760 1001 778 1063 p
811 978 881 1044 586.
1582 994 1586 1009 '

772 1427 987 1502 cbxxxtv.

637 1629 725 1692 Anno
753 1624 853 1708 1279,
878 1623 906 1692 7.
931 1626 1125 1712 Septembris.

191 1807 379 1906 Capitulum
406 1809 658 1910 herbipolensis
676 1813 848 1888 ecclcsiae
872 1813 962 1888 bono
989 1819 1022 1890 in
1039 1815 1122 1890 ville
1137 1816 1340 1912 Espenvelt,
1368 1839 1385 1885 a
1412 1813 1571 1888 iratribus

190 1909 368 2006 hospitalis
405 1936 432 1988 s.
462 1913 665 2002 Theoderici
702 1913 768 1988 eibi
795 1917 994 2008 resignate,
1028 1915 1191 1992 Heinrico
1217 1915 1457 2004 Weibelarin,
1504 1919 1572 1990 civi

485 2013 732 2112 herbipolensi,
758 2017 831 2086 iure
858 2015 1099 2112 emphiteutico
1127 2015 1294 2091 coneedit.

288 2183 312 2255 l.
341 2210 372 2258 n.
402 2183 431 2255 d.
461 2209 490 2257 e.
546 2189 712 2260 Vniuersa
739 2187 911 2279 negocia,
948 2209 1015 2281 que
1041 2197 1206 2284 geruntur
1240 2191 1274 2258 in
1306 2197 1490 2285 tempore,
1526 2200 1576 2262 ne'

189 2294 340 2356 naturam
369 2289 532 2382 temporis
562 2296 851 2381 couseqrmntur,·
873 2284 1012 2384 expedit
1045 2311 1086 2360 ee
1121 2291 1257 2362 testium
1285 2289 1513 2363 annotacionc
1539 2289 1576 2358 et‘

188 2389 297 2456 uiuaci
324 2385 511 2458 litterarum
540 2387 734 2458 testimonio
762 2387 953 2480 perenneri.
983 2385 1031 2460 Ee
1046 2393 1186 2484 propter
1201 2383 1572 2480 noshlen'egoldus

187 2485 394 2582 prepositus,
422 2486 646 2558 Albertus
674 2485 846 2571 decenus,
885 2495 1060 2584 totumque
1100 2488 1281 2582 capitulum
1315 2485 1570 2582 herbipolensis
1603 2492 1607 2502 '

187 2585 339 2659 ecclesie
366 2589 650 2681 recognoscimus
686 2581 905 2682 presentibus
943 2585 1103 2681 publice,
1144 2593 1179 2658 et
1216 2595 1377 2657 constare
1406 2583 1569 2658 uolumus

186 2689 371 2775 uniuersis,
399 2689 568 2782 presentis
594 2687 719 2784 pagine
745 2685 1021 2782 inspectoribus,
1046 2685 1134 2781 quod
1161 2707 1237 2757 oum
1263 2685 1389 2757 iratres
1415 2685 1570 2782 hospi-

187 2785 295 2858 talis
324 2789 472 2860 suncti
497 2785 770 2860 Theoderici
797 2783 884 2857 inira
899 2807 1017 2860 muros
1030 2785 1308 2886 b'erbipolenses,
1334 2784 1569 2882 noblsresig-

187 2897 327 2958 nossent
354 2899 388 2960 et
415 2891 445 2960 in
473 2910 539 2962 nos
565 2885 832 2974 transtulissent,
858 2884 961 2984 pleno
987 2889 1062 2974 iure
1089 2887 1201 2960 onmis
1228 2883 1329 2974 bone,
1358 2907 1423 2982 que
1444 2884 1574 2960 habent

186 2990 218 3060 in
247 2987 328 3060 uilla
355 2987 627 3084 Espeuuelt,
662 2995 732 3058 tum
768 2983 853 3076 illa,
890 3009 955 3084 que
993 3012 1011 3059 a
1046 2987 1146 3062 nobis
1170 3010 1234 3086 pro
1262 3008 1373 3059 annue
1399 2989 1569 3086 pensione

187 3099 378 3176 tenuerunt,
405 3097 472 3160 tum
500 3089 570 3180 illa,
596 3108 662 3185 que
687 3085 785 3158 titulo
813 3089 1001 3184 empcionis
1029 3085 1094 3162 sibi
1120 3095 1423 3185 comparauerant,
1455 3091 1574 3162 vineis·

186 3186 404 3286 quibusdam,
433 3189 591 3266 ethonis
628 3187 670 3260 ad
696 3191 823 3260 curiam
848 3191 1002 3284 ipsorum
1027 3188 1310 3262 Rodebouen
1337 3187 1569 3284 spectantibus

187 3295 356 3386 exceptis,
383 3313 448 3362 nos
475 3293 724 3362 communicato
751 3287 897 3361 consilio
915 3293 1164 3381 concessimus,
1191 3287 1355 3377 dedimus,
1384 3299 1418 3362 et
1443 3288 1508 3362 hiis
1531 3293 1569 3361 in

188 3393 324 3486 scriptis
352 3391 583 3480 concedimus,
611 3399 646 3463 et
671 3391 809 3480 damus,
833 3387 1051 3462 Heinrico
1078 3387 1361 3463 Weibelario
1389 3391 1455 3461 ciui
1480 3389 1567 3462 her'-

187 3490 371 3586 bipolensi,
398 3495 469 3564 suis
497 3489 704 3581 heredibus,
738 3499 773 3561 et
798 3491 1080 3582 successorihus,
1113 3491 1233 3564 eedem
1258 3489 1350 3564 bons
1375 3491 1510 3584 singula
1535 3501 1570 3563 et

186 3595 360 3678 uniuersa,
388 3595 520 3685 ‹presita
546 3603 580 3664 et
605 3613 674 3664 non
702 3592 847 3686 quesita,
873 3589 963 3662 culta
981 3601 1016 3662 et
1033 3591 1247 3664 incultarure
1267 3589 1510 3686 emphiteotico
1528 3589 1568 3684 ¹),

186 3689 247 3763 sub
274 3695 381 3787 pactis
409 3702 443 3764 et
470 3689 726 3765 condicionibus
753 3689 953 3787 subscriptis
966 3701 1132 3788 perpetuo
1146 3690 1366 3788 possidenda,
1392 3691 1568 3782 videlicet,

186 3791 275 3886 quod
301 3791 437 3864 soluent
462 3793 560 3866 nobis
588 3802 622 3865 et
648 3793 776 3864 nostris
803 3792 1065 3866 successoribus
1092 3795 1190 3866 anuis
1217 3790 1384 3886 singulis,
1415 3795 1451 3865 in
1476 3791 1566 3864 leste

185 3895 293 3964 seueti
319 3891 454 3964 hlartini
482 3905 626 3989 quatuor
660 3891 763 3967 libras
800 3889 1017 3966 denariorum
1044 3891 1335 3989 herbipolensium
1362 3901 1397 3962 et
1423 3900 1567 3988 quatuor

185 3991 314 4064 maldra
340 3995 467 4083 tritici,
507 3993 548 4065 ad
584 3995 680 4066 cuius
717 3995 894 4090 pensionis
936 3993 1175 4084 solucionem,
1216 4003 1251 4064 ut
1284 3995 1487 4088 premissum
1513 4002 1568 4068 est

184 4091 387 4181 soluendam
414 4095 588 4192 predictus
613 4094 862 4188 Heinrious
901 4117 943 4186 se
981 4115 1133 4192 suosque
1166 4092 1315 4168 heredes
1342 4090 1507 4191 obligauit
1532 4103 1567 4171 et
