3774 4728
341 486 419 575 bid
772 490 777 520 '
922 485 1141 576 bonomonte

346 725 459 775 meam
484 711 691 799 potestatem
718 699 864 776 habeant
886 703 1103 779 sacerdotem
1119 723 1303 800 personam
1320 695 1489 800 ydoneam
1503 681 1733 802 presentandi.

347 804 422 876 lleo
447 803 562 875 littera
589 801 706 896 sigillo
734 804 883 899 capitali,
910 809 1078 902 prepositi
1091 809 1247 894 maioris,
1272 803 1392 876 decani
1419 814 1454 874 et
1466 801 1618 877 custodis
1632 799 1735 872 debet

345 905 388 976 ad
416 908 467 976 rei
495 903 708 976 euidenoiam
735 904 892 998 sigillari.
946 907 1069 979 Aetam
1096 929 1185 979 anno
1212 905 1338 978 domini
1364 903 1423 978 nlo·
1451 902 1532 976 00⁰·
1555 900 1670 974 nvllo·

558 1104 717 1188 Appendet
740 1105 871 1189 sigillum
893 1108 1014 1189 capituli
1036 1111 1157 1172 maioris
1179 1107 1340 1172 ecelesiae.

922 1551 1166 1634 cccxxxiii.

820 1755 909 1824 Anno
933 1753 1039 1838 teos,
1062 1753 1112 1822 14.
1133 1756 1274 1824 tarnat.

352 1939 541 2040 Capitulum
567 1945 707 2020 maioris
733 1945 906 2019 eeclesiae
930 1945 1181 2042 herbipolensis
1201 1947 1372 2018 consentit
1387 1945 1422 2019 in
1436 1945 1735 2016 commutationem

352 2043 559 2142 quarundam
585 2049 761 2118 vinearum
787 2050 821 2118 in
847 2046 1154 2120 randesneberensi
1179 2048 1374 2135 territorio,
1407 2041 1450 2116 ad
1475 2042 1590 2116 dotem
1616 2043 1735 2116 altaris

354 2143 391 2220 S.
419 2145 565 2222 Dionisii
602 2155 681 2218 ante
717 2146 933 2242 sepulchrum
971 2147 1101 2220 domini
1134 2143 1318 2220 Hermanni
1355 2145 1512 2240 episcopi
1546 2147 1581 2216 in
1614 2145 1735 2218 maiori

825 2247 976 2324 eeclesia
1002 2249 1253 2344 pertinentium.

452 2419 607 2516 Boppo
633 2420 852 2516 prepositus,
890 2418 1124 2493 Arnoldus
1163 2416 1312 2492 decanus
1347 2425 1521 2512 totumque
1553 2411 1736 2512 capitulum

356 2521 498 2594 maioris
523 2521 674 2594 eoelesie
700 2519 965 2616 herbipolensis.
1016 2517 1137 2592 Notum
1165 2517 1422 2592 essevolumus
1438 2519 1624 2606 minensis,
1649 2515 1737 2588 hane

349 2620 498 2693 litteram
524 2623 743 2716 inspecturis,
769 2619 858 2715 quod
885 2617 1122 2694 Gvnradns
1148 2617 1257 2690 dietus
1285 2618 1449 2692 Breuis
1476 2616 1736 2692 deRandes-

354 2719 492 2792 aolrer
519 2730 554 2791 et
580 2725 653 2794 eius
679 2739 784 2813 vxor,
810 2741 886 2792 cum
911 2719 1131 2817 possiderent
1167 2722 1240 2790 inre
1276 2716 1483 2791 hereditario
1522 2739 1585 2812 pro
1623 2739 1736 2790 annno

354 2839 460 2895 eensu
487 2821 633 2915 quinque
659 2822 778 2914 iugera
804 2823 924 2913 vineti,
950 2821 1162 2916 pertinencia
1186 2821 1323 2891 nomine
1363 2817 1452 2892 dotis
1492 2819 1591 2890 altari
1628 2820 1737 2893 saneti

352 2919 501 2992 Dionisii
527 2931 605 2992 ante
625 2921 817 3016 sepulerum
838 2919 965 2994 domini
990 2919 1228 2996 Hernranni
1255 2917 1366 2992 leliois
1385 2918 1633 2993 recordationis
1649 2918 1736 2992 her·-

354 3017 543 3114 bipolensis
569 3023 735 3118 episeoph
761 3021 895 3094 scilieet
919 3044 982 3120 pro
1008 3043 1133 3094 nouem
1150 3021 1261 3094 vnclis
1279 3018 1504 3112 heliensibus,
1528 3023 1584 3116 qui
1611 3040 1735 3094 oensus

356 3118 542 3192 soluendus
575 3131 630 3193 est
665 3123 731 3192 iam
767 3120 857 3194 dieto
891 3122 989 3195 altari
1026 3124 1060 3194 in
1094 3120 1149 3193 die
1186 3123 1294 3193 saneti
1322 3118 1484 3218 Stephani
1510 3123 1544 3192 in
1566 3119 1737 3194 natalibus

356 3223 537 3292 annuatim.
587 3219 631 3293 lit
654 3224 732 3316 qnia
758 3221 878 3294 eadem
904 3225 1049 3318 quinque
1061 3223 1182 3315 iugera
1195 3223 1259 3294 sita
1275 3218 1737 3296 inrandesaoherensi

354 3323 529 3392 territorio
554 3341 624 3394 non
643 3323 678 3394 in
704 3343 772 3395 uno
800 3323 862 3398 sed
888 3327 922 3396 in
947 3321 1099 3419 pluribus
1125 3321 1243 3396 inustis
1270 3324 1383 3394 iaoent
1420 3324 1508 3396 inter
1545 3319 1671 3394 dietum
1697 3317 1735 3394 G.

354 3419 539 3493 Breuem
566 3431 601 3494 et
625 3419 925 3496 Folcnandum
952 3427 985 3496 in
1011 3422 1162 3520 platea
1188 3425 1337 3496 sancti
1364 3419 1601 3520 Stephani,
1630 3426 1736 3496 einen

356 3519 646 3616 herbipolensem,
672 3521 858 3595 secedente
883 3522 993 3597 verbo
1019 3521 1516 3618 nostrioapitnlietoonsensu
1531 3520 1608 3596 talis
1624 3526 1735 3620 pactio

355 3621 551 3712 interuenit,
577 3620 666 3718 quod
691 3622 780 3695 idem
807 3621 844 3695 O.
870 3621 1035 3698 Breuis
1062 3622 1128 3695 dno
1154 3624 1275 3716 iugera
1301 3644 1347 3693 ox
1372 3625 1439 3694 iam
1466 3621 1563 3696 dietis
1591 3627 1736 3719 quinque

355 3717 552 3816 iugeribus,
586 3743 652 3817 que
678 3726 744 3796 sita
769 3733 848 3797 sunt
873 3727 907 3795 in
932 3723 1036 3814 loeo,
1068 3726 1124 3818 qui
1158 3719 1279 3794 dieitur
1305 3721 1608 3815 andemrode,
1648 3719 1737 3796 dedit

356 3843 457 3895 manu
483 3825 729 3896 communicata
753 3827 875 3897 vxoris
911 3845 973 3898 sue
1012 3821 1101 3895 dicto
1135 3821 1333 3895 Folcnando
1371 3833 1406 3897 et
1445 3827 1520 3898 eius
1557 3821 1735 3896 heredibus

356 3921 467 3994 libere
492 3921 717 4018 possidenda3
743 3945 937 3998 eoonuerso
962 3919 1051 3994 idem
1076 3921 1292 3997 Folcnandns
1319 3921 1411 3998 dedit
1429 3927 1734 3998 manneommuni·

357 4033 432 4095 eata
457 4025 579 4097 vxoris
605 4042 668 4095 sne
695 4041 798 4098 vnum
822 4029 923 4120 inger
947 4031 983 4098 et
1007 4022 1176 4095 dimidium
1203 4027 1254 4098 sui
1281 4025 1387 4098 vineti
1414 4029 1478 4100 sita
1505 4029 1538 4096 in
1563 4023 1657 4116 looo,
1683 4027 1735 4120 qni

359 4119 619 4215 dicitur....¹)
657 4122 852 4200 ruderen
897 4123 995 4198 altari
1034 4121 1188 4222 predicto
1228 4125 1329 4201 eliam
1365 4119 1477 4200 libere
1513 4123 1731 4224 possidenda.
