3768 4728
629 415 849 516 episcopatus
875 407 1170 507 wirziburgensis.
1525 412 1597 493 ³05

224 609 546 704 chgererius
592 609 779 684 schultetus
816 616 910 685 curie
944 611 1064 685 nostre
1099 613 1253 686 luuorem
1292 623 1360 685 tem
1398 615 1603 686 clerieorrnn

223 733 316 804 quern
345 714 467 782 ciuium
495 710 746 806 herbipolensis
775 716 920 785 cirritatis
948 711 1011 784 sibi
1039 724 1073 785 et
1099 717 1169 787 suis
1197 711 1379 785 heredibus
1398 719 1601 810 conquirere

223 815 360 906 cupiens
394 809 438 883 ob
473 811 658 883 remedium
696 817 806 886 anime
847 835 909 884 suc
950 823 985 885 et
1023 813 1065 886 ed
1102 835 1315 909 communem
1350 814 1528 886 utilitatem
1570 825 1603 886 et

223 911 432 982 commodum
459 933 642 1006 pauperum
681 936 720 983 eo
756 913 893 984 diuitum
921 913 1130 986 ocellorum
1158 915 1326 1001 omnium,
1366 917 1421 1006 qui
1456 917 1489 984 in
1524 913 1601 986 loro

223 1010 371 1082 eiusdem
400 1015 545 1082 ciuitatis
572 1024 690 1083 nostre
717 1036 774 1084 res
800 1013 941 1085 uenales
980 1013 1115 1086 deferre
1142 1023 1220 1086 sunt
1246 1016 1414 1100 consueti,
1441 1013 1601 1086 denarios

222 1109 392 1199 lorenses,
418 1113 473 1206 qui
500 1112 933 1208 merehtplrenninge
961 1113 1132 1204 dicuntur,
1159 1112 1201 1184 ad
1226 1111 1421 1185 theloneum
1449 1124 1600 1186 nostrum

222 1233 376 1302 magnum
405 1221 612 1306 spectantes,
640 1213 681 1284 de
707 1225 827 1284 nostro
855 1224 889 1284 et
916 1215 1052 1310 capituli
1078 1216 1187 1286 nostri
1214 1235 1387 1284 consensu
1415 1236 1454 1282 nc
1480 1214 1600 1287 lauore

224 1314 450 1398 commutauit,
477 1320 608 1382 centum
639 1322 672 1382 et
699 1317 939 1407 qninquaginta
966 1336 1099 1386 marcus
1126 1315 1259 1406 urgenti
1286 1312 1396 1383 dendo
1432 1313 1530 1384 nobis
1566 1317 1600 1385 in

223 1421 423 1500 restaurem,
450 1411 540 1506 quod
567 1409 611 1484 de
639 1413 774 1507 capituli
802 1417 911 1484 nostri
938 1413 1085 1486 consilio
1111 1435 1173 1510 pro
1200 1411 1329 1482 eisdem
1359 1411 1507 1483 denariis
1535 1437 1600 1496 eo-

222 1513 447 1603 ceptouimus,
489 1519 524 1584 et
557 1533 601 1584 ne
635 1511 828 1584 theloneum
869 1511 955 1584 idem
992 1523 1048 1584 aut
1084 1533 1202 1584 mensu
1237 1521 1354 1583 nostru
1392 1514 1599 1608 episcopalis

222 1607 385 1680 delectum
413 1609 557 1704 aliquem
586 1613 619 1682 in
647 1611 710 1682 hac
735 1621 831 1706 parte
856 1615 922 1706 pati
950 1611 1133 1700 uideretur,
1160 1609 1269 1681 datam
1297 1610 1396 1682 nobis
1425 1617 1598 1706 pecuniam

222 1713 451 1780 convertimus
479 1713 512 1780 in
540 1721 729 1782 restaurem
758 1709 965 1804 assignando
993 1733 1055 1806 pro
1083 1709 1231 1781 denariis
1257 1709 1430 1805 predictis.¹
1457 1735 1598 1805 quorum

222 1829 348 1878 summa
379 1806 459 1881 XVI
493 1807 596 1880 libras
631 1823 751 1882 nostre
787 1821 923 1881 moneto
956 1813 1016 1882 uix
1051 1807 1256 1901 attingebat,
1297 1811 1328 1878 in
1366 1812 1447 1880 nilln
1480 1823 1598 1883 nostre

220 1905 609 2000 Dingoldlshusen
652 1909 691 1979 erl
728 1909 806 1980 XVI
849 1909 974 1980 tulentn
1015 1909 1265 2006 herbipolensis
1300 1921 1456 1996 moneto,
1501 1933 1596 2005 quum

222 2005 332 2076 villam
369 2005 654 2080 nSchalrnno
692 2019 810 2080 nostro
847 2010 1057 2080 ministeriali
1095 2029 1168 2079 curn
1207 2011 1348 2102 pecunie
1389 2009 1537 2103 predicta
1565 2021 1599 2082 et

220 2105 282 2177 clio
310 2109 591 2204 compererimus
643 2109 686 2181 Et
713 2131 757 2179 ne
785 2107 1159 2202 eliqnissncoessorum
1175 2117 1371 2179 nostrorum
1394 2109 1597 2180 incinctum

220 2205 331 2276 valeat
357 2205 457 2277 modu
485 2205 810 2302 eliqueretractnre,
837 2219 1031 2303 presentem
1059 2209 1204 2278 litteram
1233 2211 1445 2280 uniuersitati
1474 2213 1596 2279 ciuium

219 2315 410 2376 nostrornm
439 2305 480 2375 de
508 2329 680 2378 consensu
707 2310 815 2378 nostri
843 2309 977 2402 capituli
1014 2307 1212 2379 indulsimus
1248 2307 1372 2399 sigillis
1408 2317 1527 2379 nostro
1563 2321 1596 2380 et

219 2403 367 2476 eiusdem
397 2405 532 2500 capituli
558 2409 667 2477 nostri
694 2405 834 2477 tirmiter
868 2411 1116 2478 communitam.
1170 2405 1314 2477 Testes:
1351 2405 1429 2478 Otto
1465 2427 1596 2502 prepo-

219 2507 313 2591 situs,
340 2503 543 2576 Godeirirlns
558 2505 721 2594 decenne,
747 2507 993 2600 Thegenardns
1013 2507 1230 2592 scolasticus,
1255 2503 1448 2578 Fridericus
1465 2517 1596 2599 cantor,

219 2603 389 2674 Arnoldns
418 2615 557 2693 custos,
592 2605 757 2678 ,itherius
784 2607 826 2678 de
851 2607 1048 2678 Zauelstein
1075 2605 1298 2690 cellerarius,
1331 2603 1526 2676 Fridericus
1553 2607 1595 2679 de

219 2701 386 2790 Grindelu,
415 2705 668 2776 llnrclnvartlus
696 2706 737 2778 de
754 2705 905 2794 Castele,
933 2709 1126 2802 prepositus
1149 2704 1457 2795 onoldlslracensis,
1481 2706 1595 2777 Burc-

218 2801 338 2875 hardns
368 2803 408 2874 de
433 2803 662 2894 Ebersberoh,
689 2805 922 2878 Theodericus
949 2807 990 2878 do
1016 2805 1154 2902 Apolde
1179 2808 1394 2900 portenarius
1421 2815 1595 2901 totumque

219 2904 393 2998 capitulum
412 2907 549 2975 maioris
575 2905 749 2992 ecclesie3
775 2907 954 2978 Heinricus
970 2906 1131 2994 decenus,
1156 2906 1336 2978 Heinricus
1352 2904 1449 2977 Helo
1463 2915 1595 2997 custos,

217 2998 410 3074 llerbordus
447 3013 565 3076 cantor
601 3016 773 3100 totumque
808 3007 985 3100 capitulum
1029 3007 1182 3078 ecclesie
1216 3008 1324 3078 sancti
1358 3005 1523 3077 lobannis
1560 3010 1593 3078 ln

217 3100 354 3198 llouge:
383 3104 595 3175 llermnnnus
623 3104 788 3193 decanus,
823 3109 986 3197 magister
1019 3105 1214 3178 Eberardus
1241 3106 1466 3192 scolasticus,
1498 3105 1592 3176 Ber-

217 3201 325 3273 toldus
354 3201 395 3272 tle
421 3203 526 3276 llatza
553 3215 691 3292 custos,
729 3216 900 3302 totumque
927 3207 1106 3302 capitulum
1134 3208 1212 3277 noni
1241 3209 1461 3291 monasterii3
1495 3203 1592 3276 ller-

216 3323 353 3374 munnns
391 3301 609 3394 wolfoldus,
644 3303 823 3376 lleinricns
856 3304 945 3376 lilius
979 3305 1133 3377 Bertoltll
1169 3305 1346 3393 schulteti,
1381 3303 1592 3395 llerbordus,

215 3401 408 3474 llichulrnus
436 3415 469 3474 et
497 3401 713 3474 liotheiridus
740 3403 864 3476 iratres
881 3405 1146 3492 tlictlHnlrones,
1169 3403 1365 3475 Fritlerlous
1392 3403 1592 3496 deCrense,

214 3499 391 3574 Heinricus
419 3507 591 3597 pincerne,
616 3503 797 3575 Heinricus
822 3503 983 3592 Wollolt,
1010 3503 1453 3600 llerolrwcrdustlrphunus
1470 3525 1591 3575 come-

215 3605 336 3690 rnrins,
363 3601 561 3675 Elelrnrdns
588 3601 676 3674 lilius
705 3604 858 3699 dapiferi,
885 3605 1065 3676 Heinricus
1093 3604 1181 3675 lilius
1207 3607 1384 3700 pincerne,
1410 3601 1590 3676 Richollus

214 3697 300 3771 iilius
327 3705 513 3798 pincerne,
545 3701 725 3776 Heinricus
760 3701 937 3793 Sootelin,
974 3703 1194 3776 Godeboldus
1231 3715 1266 3776 et
1298 3701 1431 3796 lringns
1465 3703 1590 3775 iratres

214 3799 289 3871 rllcti
328 3803 547 3892 Cressones,
586 3801 778 3875 Friderlcus
804 3802 938 3892 liuius,
966 3803 1141 3876 Gunrudus
1180 3803 1222 3874 de
1247 3803 1404 3892 Inierno,
1444 3802 1590 3875 Ruden-

214 3921 339 3992 goruS,
377 3901 574 3974 llerbordus
617 3905 813 3991 monetarii,
851 3902 1056 3976 Godelridus
1093 3904 1137 3976 de
1176 3904 1295 3976 Veteri
1334 3907 1425 3974 curin
1460 3911 1494 3974 et
1520 3911 1591 3975 tote

213 4004 417 4075 uniuersitns
456 4005 577 4074 ciuium
618 4001 917 4100 herbipolensium.
981 4007 1103 4077 Actum
1140 4022 1229 4076 enno
1267 4007 1376 4100 gratie
1411 4003 1471 4076 ltl⁰·
1503 4001 1585 4076 CO·-

238 4143 288 4186 llon.
302 4143 355 4186 lists.
370 4145 411 4184 tut.
426 4145 512 4187 uult.
527 4155 571 4186 nor.
587 4145 627 4187 cett
649 4143 669 4186 t
1213 4103 1260 4178 39
