3774 4728
589 476 807 571 episcopatus
830 470 1130 570 stampensis.
1472 469 1545 548 bit

375 673 576 820 insufflare,
596 687 668 736 oum
697 676 911 755 hsoiiptioae:
943 679 985 752 „†
1015 671 1050 738 si
1072 717 1300 737 ........
1325 672 1345 736 S
1378 671 1545 740 erueras

375 757 449 820 iiii*
511 755 741 822 imvncii‘t

376 875 494 940 Editum
524 865 562 940 ia'
592 875 779 941 Schultes
818 875 1054 959 diplomatiscbe
1077 873 1255 940 Geschichte
1288 877 1342 940 ‘der
1379 877 1548 942 Graischait

376 961 578 1046 llennenberg
600 961 620 1026 l.
638 961 691 1026 l'h.
715 981 744 1045 p.
767 957 809 1025 89
822 961 873 1026 llr.
888 959 964 1026 Xlll.
979 999 1023 1009 —
1037 957 1138 1026 Greb
1149 981 1216 1026 ner
1232 981 1269 1026 cu
1320 963 1387 1026 end.
1403 963 1546 1028 historiae

376 1047 449 1113 Pars
470 1047 495 1110 ll
517 1068 555 1130 pa
579 1097 586 1111 .
613 1041 703 1113 iore.
732 1084 777 1095 —
806 1045 1016 1112 Reohstein
1041 1045 1220 1112 Gescbichte
1242 1068 1283 1114 un
1326 1048 1468 1114 Gediobte
1490 1047 1545 1114 des

377 1129 446 1196 ooo
468 1152 527 1197 von
551 1067 755 1198 decertarier
777 1149 806 1216 p.
833 1129 892 1196 136
913 1133 964 1197 lta.
990 1131 1038 1196 15.

736 1708 740 1724 ι
777 1603 940 1678 CCXXII.

750 1803 837 1867 Anno
867 1799 955 1868 ¹230.

172 1977 385 2062 llermannus
411 1985 661 2084 herbipolensis
699 1991 882 2086 episcopus
916 1986 1128 2062 advocatiam
1161 1987 1328 2062 bonorum
1363 1991 1397 2060 in
1430 1987 1550 2062 Steten

174 2096 207 2158 et
230 2089 266 2158 in
291 2085 434 2159 Renstat
458 2091 667 2182 resignatam
694 2087 757 2161 sibi
784 2088 825 2161 ah
850 2087 975 2162 0ttone
1002 2091 1126 2160 comite
1154 2083 1196 2160 de
1220 2086 1453 2179 Botenloube‚
1484 2111 1550 2160 nec

173 2207 242 2259 uon
267 2185 480 2258 advocatiam
506 2191 621 2260 curiae
647 2192 682 2260 in
707 2189 898 2278 nesciere,
923 2191 1132 2280 resignatam
1158 2187 1223 2260 sibi
1249 2211 1269 2258 a
1294 2187 1480 2262 Fuhselino
1507 2188 1549 2260 de

344 2285 533 2360 llarleburc
559 2287 706 2384 capitulo
732 2291 871 2361 maioris
898 2287 1070 2360 ecclesiae
1095 2285 1204 2359 libere
1229 2287 1373 2361 confert.

299 2455 321 2518 i.
344 2475 373 2519 n.
397 2473 422 2520 s.
445 2474 471 2520 e.
493 2461 513 2518 i.
538 2463 557 2518 t.
601 2455 847 2520 Hermannas
869 2456 919 2519 dei
941 2461 1038 2540 gratia
1059 2455 1279 2538 herbipolensis
1302 2462 1485 2537 episcopus.
1510 2507 1516 2520 .
1541 2503 1548 2520 .

173 2543 317 2606 libuerint
340 2585 346 2600 .
371 2588 379 2604 .
401 2546 544 2620 uniuersi,
567 2548 626 2604 mm
647 2551 818 2624 presentes,
841 2561 930 2624 mam
953 2543 1052 2621 laturi,
1075 2540 1156 2622 quod
1179 2560 1246 2604 cum
1269 2539 1369 2604 dilecti
1382 2546 1414 2603 in
1430 2539 1549 2606 Christo

173 2627 342 2692 confratres
365 2631 459 2689 nostri
493 2627 650 2708 capitulum
681 2633 801 2692 maioris
830 2629 962 2692 ecclesie
998 2625 1218 2712 herbipolensis
1253 2645 1306 2708 per
1349 2625 1550 2690 aduocaticias

173 2717 313 2798 angarias
336 2719 366 2774 et
387 2719 491 2775 coacta
514 2717 642 2776 seruicia
664 2718 695 2775 in
718 2713 806 2777 bonis
829 2719 891 2776 suis
915 2713 1055 2776 Steten
1086 2719 1116 2774 et
1141 2717 1173 2774 in
1195 2712 1358 2776 lleastat
1386 2716 1452 2776 sine
1476 2729 1549 2774 ces-

173 2804 288 2864 satione
310 2797 547 2862 intollerabiliter
567 2806 785 2882 grauarentur,
818 2817 875 2862 nos
896 2797 967 2862 dicti
989 2797 1108 2880 capituli
1131 2797 1305 2877 commodo,
1336 2803 1369 2860 ut
1401 2805 1549 2878 tenemur,

173 2883 350 2948 omnimedis
371 2881 560 2947 intendentes
583 2891 614 2945 et
635 2881 712 2946 dicta
735 2903 839 2948 eorum
861 2883 940 2947 bona
963 2890 993 2946 et
1012 2879 1149 2946 borsines
1171 2884 1208 2946 ab
1223 2883 1437 2946 aduocatorum
1450 2901 1550 2948 vexa-

173 2974 261 3048 tione,
285 2985 412 3050 quorum
427 2967 627 3032 multimodam
644 2977 674 3030 et
689 2967 830 3033 diutinam
845 2973 1049 3033 sustinuerant
1061 2973 1265 3034 incursionem
1281 2973 1369 3032 eximi
1384 2975 1551 3052 cupientes,

172 3055 334 3139 benignum
358 3057 402 3118 eis
425 3071 584 3118 assensum
606 3054 792 3118 adhibuimus
814 3061 845 3117 et
866 3051 1022 3135 affectum,
1054 3053 1134 3136 quod
1161 3060 1295 3137 ipsorum
1324 3055 1471 3118 benonim
1492 3054 1552 3118 ad-

173 3146 321 3205 uocatiam
345 3160 361 3202 e
382 3139 492 3204 Hecto
515 3147 617 3203 nostm
640 3141 732 3204 nobili
753 3147 820 3204 airo
835 3139 980 3204 Ottoae
1001 3146 1110 3203 comite
1133 3139 1470 3220 deBotanlouben,
1493 3157 1552 3205 nec

173 3243 234 3294 aon
257 3233 289 3288 et
321 3225 506 3290 aduocatiaaa
536 3225 690 3290 cuiusdam
721 3231 805 3292 curie
837 3231 869 3288 in
896 3226 1104 3306 lleselere,
1135 3243 1196 3308 que
1228 3241 1405 3290 vorwerc
1430 3227 1551 3308 duan,

173 3311 307 3394 predicte
335 3311 405 3374 ville
429 3312 572 3375 steten
596 3316 757 3392 attinentis,
781 3331 797 3374 a
821 3311 1018 3376 tidelinostro
1041 3311 1248 3374 Fuhsclino
1270 3311 1309 3372 de
1329 3311 1550 3392 Karelbvrc

175 3401 330 3479 emptionis
353 3397 440 3461 titula
461 3401 524 3462 siris
546 3395 651 3460 usibus
667 3402 903 3478 conquisierunt,
926 3403 971 3462 eie
993 3395 1112 3480 quidem
1135 3397 1258 3460 easdem
1280 3395 1450 3462 aduocatias
1465 3393 1552 3461 dictis

176 3479 376 3546 confratribus
399 3487 507 3545 nostris
529 3481 688 3562 uenditas,
722 3487 876 3548 memorati
909 3479 944 3546 0.
968 3501 1071 3546 eomes
1095 3487 1125 3544 et
1146 3481 1408 3563 lluhselinus,
1435 3485 1513 3546 sicut
1534 3501 1552 3548 a

176 3569 261 3633 nobis
285 3585 338 3630 eas
360 3571 425 3630 iure
447 3574 608 3630 tenuerunt
628 3565 749 3646 feodali,
771 3573 801 3631 in
823 3585 929 3632 manus
951 3573 1067 3632 noerae
1088 3572 1330 3651 resignauerunt,
1353 3573 1383 3631 et
1397 3583 1455 3630 nos
1470 3571 1551 3650 ipsas

176 3672 242 3716 cum
264 3655 401 3716 omuibus
423 3657 486 3716 nus
507 3657 701 3736 pertinenciis
722 3654 839 3736 prelato
861 3655 989 3736 capitulo
1019 3653 1115 3716 libere
1144 3653 1343 3733 contulimus,
1376 3671 1444 3715 eum
1473 3658 1552 3717 omni

175 3743 343 3823 integritate
364 3742 396 3800 in
417 3745 594 3820 perpetuum
614 3739 824 3820 possidendos,
847 3745 1013 3802 statuentes
1036 3745 1067 3800 et
1086 3739 1242 3818 uolentes,
1273 3745 1305 3802 rt
1324 3743 1418 3802 maior
1438 3757 1552 3821 prepe-

175 3829 267 3904 situs,
290 3827 408 3904 quimus
430 3823 535 3904 inerit,
567 3822 608 3885 de
628 3829 701 3904 ipsis
724 3825 902 3903 aduocatis,
924 3823 976 3887 uel
998 3819 1100 3886 earum
1121 3823 1315 3905 prouentibus
1336 3829 1451 3887 ratione
1478 3843 1552 3907 pre-

177 3915 308 3990 positure
330 3909 439 3971 nullam
462 3909 518 3971 sibi
540 3917 665 3991 usurpet
686 3909 921 3973 iurisdictionem
952 3915 999 3971 set
1021 3908 1154 3972 decanus
1187 3915 1218 3971 et
1246 3911 1407 3993 capitatum
1440 3927 1492 3974 eas
1523 3915 1553 3972 in

175 4009 350 4057 manases
371 4011 465 4074 usus,
495 4000 584 4076 preat
610 3993 761 4057 soluerint
783 3997 833 4058 uel
855 3993 1032 4077 expedierit,
1053 3995 1207 4074 ordinarit,
1236 4013 1274 4058 ac
1296 3996 1465 4076 disponent
1508 3996 1554 4059 Ne

178 4087 273 4143 autem
295 4079 363 4142 talis
386 4086 488 4144 ncsha
510 4079 629 4142 oallatio
650 4079 689 4142 ab
713 4081 812 4161 aheno
834 4094 1015 4144 successore
1037 4087 1152 4160 mosao,
1172 4079 1225 4144 uel
1246 4083 1304 4145 alie
1326 4097 1399 4144 casu
1414 4081 1553 4146 maliuolo
