3794 4722
923 407 1141 522 llouumduta

966 755 1084 831 cxvi.

928 927 1017 990 Anno
1044 923 1135 991 1171.

340 1082 511 1158 Heroldus
550 1081 832 1176 wirciburgensis
881 1081 1053 1155 ecclesiae
1098 1085 1253 1154 minister
1295 1083 1511 1154 traditionem
1548 1083 1726 1158 ecclesiae

340 1182 476 1257 Rotene
502 1207 521 1254 a
546 1181 741 1256 Hermanno
777 1179 929 1252 urbanno
966 1184 1090 1253 comite
1128 1175 1304 1256 misinensi
1342 1193 1481 1256 sanctae
1517 1181 1645 1255 Mariae
1686 1193 1724 1258 et

339 1295 460 1384 sancto
486 1281 633 1385 Kyllano
661 1279 796 1353 oblatae
815 1279 1227 1454 conplipmattcpllcgipqpe
1250 1287 1359 1358 sancti
1374 1281 1511 1378 llyliani
1523 1281 1725 1378 parochiam

889 1401 1028 1454 uersa
1067 1404 1132 1454 cou
1148 1405 1211 1454 er.

442 1534 479 1607 G.
531 1534 574 1606 Jn
597 1536 735 1606 nomine
762 1544 881 1607 sancte
916 1545 950 1607 et
985 1535 1156 1609 indiuidue
1189 1539 1357 1609 trinitatis.
1409 1533 1637 1608 Heroldus
1664 1533 1724 1610 dai

341 1638 450 1731 gratia
475 1631 756 1727 wirciburgensis
781 1633 927 1726 ecclesie
959 1639 1123 1710 minister.
1175 1635 1214 1708 ln
1240 1635 1378 1730 specula
1415 1634 1541 1708 Christi
1574 1643 1724 1726 stantes,

342 1758 390 1808 ex
414 1733 528 1808 officio
555 1733 711 1806 diuinitus
737 1732 837 1806 nobis
864 1737 1013 1808 iniuncto
1038 1744 1195 1808 tenemur
1232 1739 1297 1830 pijs
1330 1733 1479 1806 fidelium
1511 1737 1602 1807 uotis
1628 1757 1722 1831 pro-

341 1833 419 1906 uida
445 1833 699 1928 dispensatione
719 1831 930 1927 prouidendo
946 1835 1076 1926 fauere,
1102 1858 1167 1930 quo
1194 1833 1327 1908 anobis
1345 1832 1578 1930 promouendo
1603 1838 1721 1908 ratio-

341 1933 446 2008 nabib
471 1943 587 2024 nostre
613 1931 905 2009 corroborationis
940 1935 1100 2027 sullragio
1133 1939 1208 2006 uisa
1245 1943 1323 2006 sunt
1356 1955 1472 2026 egere.
1533 1932 1615 2006 lude
1650 1945 1722 2028 est,

342 2032 433 2129 quod
463 2043 579 2104 notum
614 2054 696 2106 esse
727 2032 884 2106 uolumus
921 2033 1076 2108 omnibus
1111 2044 1180 2105 tam
1212 2033 1427 2129 presentibus
1464 2054 1563 2128 quam
1595 2032 1720 2110 futuris

343 2133 452 2208 seculi
491 2131 702 2222 bominibus,
736 2133 881 2227 qualiter
919 2133 1044 2207 nobilis
1083 2133 1214 2228 quidam
1250 2132 1378 2222 homo,
1412 2153 1530 2207 comes
1569 2131 1720 2206 urbanus

341 2235 556 2320 misinensis,
593 2231 866 2304 Hermannus
903 2235 1052 2324 nomine,
1087 2233 1130 2305 de
1162 2233 1289 2329 predijs
1316 2236 1407 2323 suis,
1440 2255 1502 2329 que
1528 2235 1564 2304 iu
1595 2242 1720 2306 nostro

342 2336 540 2430 episcopatu
565 2335 639 2402 iure
663 2335 880 2428 proprietatis
906 2332 1121 2427 possederat,
1148 2333 1331 2406 ecclesiam
1356 2333 1519 2427 quandam
1542 2333 1721 2406 Roteue

342 2436 529 2521 constituit,
554 2455 652 2526 quam
678 2432 756 2503 uelo
783 2431 838 2503 dei
864 2431 994 2521 ductus,
1018 2455 1081 2528 pro
1097 2432 1249 2504 remedio
1266 2435 1383 2522 animp'
1407 2455 1466 2523 sue
1494 2441 1720 2526 etparentum

344 2555 482 2606 suorum
509 2531 574 2603 deo
602 2541 636 2602 et
662 2540 823 2626 perpetue
849 2535 975 2623 uirgini
1001 2531 1055 2602 dei
1082 2535 1239 2626 genitrici
1264 2531 1390 2622 illaria,
1422 2541 1540 2604 sancto
1567 2531 1719 2627 Kyliauo

343 2641 378 2704 et
404 2633 509 2723 socijs
536 2634 609 2700 eius
636 2653 712 2700 cum
738 2633 828 2700 omni
849 2633 927 2720 jure
954 2629 1124 2721 oblatam,
1157 2654 1198 2702 ac
1229 2629 1367 2702 tandem
1397 2629 1493 2702 firma
1529 2640 1564 2701 et
1601 2631 1720 2704 stabili

342 2729 526 2802 donatione
553 2727 745 2822 delegatam
771 2727 982 2800 contradidit.
1033 2728 1105 2804 Nos
1130 2753 1216 2802 uero
1230 2729 1375 2802 bominis
1387 2730 1478 2802 illius
1490 2732 1607 2825 pietati
1623 2751 1719 2802 con-

342 2829 572 2922 gratulantes,
609 2827 731 2899 eodem
767 2825 876 2920 diuino
909 2837 991 2900 nutu
1026 2829 1205 2922 clementie
1239 2829 1453 2925 parrochiam
1485 2832 1596 2902 nostri
1631 2832 1718 2904 iuris

342 2925 590 3001 Guberstat
615 2926 725 2998 eidem
753 2927 902 3020 collegio
929 2929 1131 3001 contulimus
1165 2933 1200 3002 in
1223 2952 1322 3002 usum
1346 2929 1507 3000 uidelicet
1530 2951 1720 3024 pauperum

342 3026 479 3117 Christi,
506 3026 571 3099 deo
598 3037 633 3098 et
658 3031 784 3101 sanctis
812 3030 886 3100 cius
912 3025 1036 3100 ibidem
1062 3028 1185 3101 deuote
1210 3033 1430 3102 seruientium
1439 3028 1536 3120 uulli,
1559 3049 1720 3124 umquam

341 3129 409 3200 uisi
434 3126 512 3199 solo
539 3125 777 3199 archidiacono
803 3137 837 3199 at
862 3128 1023 3222 predictis
1047 3127 1207 3202 fratribus
1234 3128 1276 3200 de
1290 3133 1364 3201 iure
1380 3150 1444 3201 suo
1458 3147 1717 3224 responsuram.

342 3225 441 3314 Quod
466 3249 552 3320 ergo
577 3225 702 3297 iactrrm
727 3237 781 3300 est
804 3231 975 3322 presentis
1014 3231 1130 3324 scripti
1156 3231 1279 3324 pagina
1305 3227 1576 3301 confirmauimus
1610 3235 1646 3299 et
1681 3230 1720 3301 ei

341 3329 575 3398 auctoritatem
601 3329 817 3421 inpressione
843 3328 948 3423 sigilli
973 3331 1083 3400 nostri
1110 3327 1273 3401 dedimus.
1325 3327 1363 3399 Si
1389 3331 1463 3421 quis
1489 3331 1590 3422 igitur
1620 3325 1653 3398 id
1678 3329 1718 3402 in

341 3435 515 3522 postorum
542 3435 614 3497 arte
639 3425 697 3497 uel
723 3425 803 3497 mali
827 3429 954 3520 ingenij
983 3425 1063 3499 dolo
1089 3427 1276 3521 infringere
1300 3427 1359 3498 uel
1377 3426 1548 3500 infirmare
1562 3436 1717 3522 attemp-

340 3527 476 3617 tauerit,
502 3525 677 3598 anathema
698 3527 742 3600 sit
760 3525 962 3598 maranatba.
1016 3528 1159 3600 Testes:
1185 3525 1363 3600 Ricbollus
1382 3530 1490 3600 maior
1504 3530 1717 3623 prepositus,

340 3625 482 3700 Persius
508 3625 678 3716 decanus,
711 3625 949 3718 Rigenbardvs
975 3631 1169 3722 prepositus
1200 3629 1280 3698 noui
1306 3629 1523 3718 monasterij,
1546 3625 1716 3700 Albertus

342 3735 472 3816 custos,
496 3725 710 3799 Wcrnberus
736 3728 927 3820 prepositus
954 3729 1062 3799 sancti
1087 3727 1263 3815 Jobannis,
1287 3724 1491 3799 Ber-tholdus
1517 3728 1716 3822 prepositus

341 3835 456 3916 sancte
491 3824 596 3917 Mario
638 3829 672 3896 in
709 3825 907 3919 llloguntia,
947 3827 1126 3898 Heinricus
1163 3828 1356 3919 prepositus
1391 3825 1433 3897 de
1460 3824 1715 3917 Onoldesbacb,

341 3923 514 3998 lohannes
531 3925 748 4015 scolasticus,
773 3923 966 3997 Gotelridus
981 3935 1112 4016 cantor,
1130 3923 1304 3996 Ganradus
1321 3923 1535 4014 cellerarius,
1560 3923 1715 3998 Wecelo

336 4025 577 4134 pprtenarius,
615 4021 825 4118 sigefridus,
866 4023 1040 4096 Ouuradus
1082 4034 1116 4095 et
1141 4022 1335 4098 Gotclridus
1370 4023 1545 4120 capellani.
1597 4023 1712 4097 laici:
