3836 4722
316 309 365 380 70
803 389 811 399 ,
871 303 1090 392 monumento

315 503 358 578 de
382 501 508 595 Sudro,
532 503 656 577 Heroli
680 500 723 578 de
748 501 979 596 wirzeburg,
1011 503 1188 578 lenllr
1215 501 1257 590 dc
1282 501 1466 593 irenem,
1488 501 1628 597 Billung
1654 503 1699 576 de

313 601 557 702 Memeslorph·
578 614 613 678 el
646 601 754 677 irater
791 605 866 679 cius
901 601 1103 697 Gundelog‚
1139 603 1291 681 Hermon
1324 601 1367 676 de
1399 601 1533 678 Essoho
1569 613 1608 676 el
1641 603 1699 676 olii

315 703 420 776 mulli.
672 735 675 782 ;
971 735 974 740 ’
1112 763 1115 770 r
1369 754 1373 783 2

413 802 505 876 Aclo
530 811 610 877 sunl
641 811 754 876 aulem
785 801 855 876 hec
886 824 978 876 anno.
1009 800 1177 874 dominice
1214 804 1457 885 incarnationis
1489 801 1534 877 n.
1564 801 1602 872 Ο.
1630 799 1699 876 ull.

316 899 503 974 ludiclione
540 900 643 992 XV„
676 905 790 996 quinto
823 901 878 974 die
912 911 993 996 posi
1035 900 1163 976 obitum
1204 899 1332 976 domiui
1367 899 1516 974 Conrcdi
1550 901 1700 994 gloriosi

316 999 582 1095 Romono[rum]
608 1005 724 1096 regis,
757 1005 791 1072 in
824 1005 897 1096 ripo
921 1000 1015 1094 Mogi
1042 999 1187 1074 fluminis
1224 1005 1313 1072 inter
1338 1001 1569 1095 colloquium,
1609 999 1703 1095 quod

320 1099 389 1174 dux
413 1099 614 1188 Fridericus
635 1123 711 1174 curn
737 1099 1011 1193 wirzeburgensi
1035 1111 1070 1172 el
1094 1098 1372 1194 babenbergensi
1397 1101 1570 1195 episcopis
1597 1100 1700 1174 cole-

316 1199 439 1290 bromo,
466 1203 522 1296 qui
546 1199 670 1288 deliine
694 1199 788 1274 XIlll
812 1201 867 1274 die
883 1199 996 1279 diuino
1009 1199 1223 1275 ordinatione
1239 1223 1281 1272 nc
1301 1210 1498 1274 cunctorum
1514 1203 1703 1295 principum

316 1299 487 1373 eleclione
515 1303 551 1372 in
576 1323 697 1394 regem
723 1300 879 1379 eleusius
906 1298 948 1372 od
975 1299 1071 1377 celso
1093 1302 1229 1396 imperii
1254 1299 1394 1394 fastigia
1423 1310 1583 1396 poleoler
1608 1321 1704 1372 cou-

316 1399 448 1474 scendil
472 1409 593 1496 polrus
620 1398 822 1476 succedens.

526 1597 623 1684 Sipilli
644 1596 731 1660 irocli
753 1613 822 1678 pers
844 1601 983 1682 superior
1005 1601 1146 1682 ammissa
1169 1604 1234 1673 esl3
1255 1598 1372 1677 reliqua
1387 1600 1596 1680 repraesentat
1611 1601 1698 1680 epis-

524 1701 632 1764 copum
652 1687 683 1744 in
705 1677 847 1747 cathedra
870 1683 1032 1764 episcopali
1055 1679 1232 1762 sedeolem,
1255 1677 1414 1762 poniificcli
1435 1679 1535 1744 hobilu
1555 1681 1701 1761 indcium,

526 1765 631 1829 dextra
653 1765 780 1849 pedum,
808 1767 927 1831 sinislra
949 1767 1056 1830 librum
1080 1767 1305 1850 evangeliorum
1329 1773 1497 1842 leoenlem;
1526 1770 1613 1830 tenor
1645 1771 1700 1828 in·

525 1851 953 1935 seriptiornsrcsiduaeesl:„.
964 1902 971 1917 .
984 1901 991 1917 .
1002 1851 1128 1916 ΑΒΙΝι
1143 1851 1187 1916 Di.
1197 1849 1635 1917 onnwmzrssvnonnsrs.
1649 1900 1656 1916 .
1671 1850 1701 1917 .“

930 2358 1080 2461 rcum.

699 2550 788 2614 Anno
815 2542 907 2613 ssed.
952 2547 982 2612 5.
1006 2547 1126 2612 Jrnusr.
1169 2545 1311 2630 Erbipoli.
1397 2543 1401 2555 '

321 2729 540 2807 Gebehmdos
574 2731 767 2826 episcopus·
785 2733 907 2826 rcm'pil
938 2731 983 2805 cb
1015 2733 1166 2806 ecclesio
1185 2681 1452 2828 'longheimcnsi
1476 2751 1631 2806 munerun
1666 2735 1704 2805 in

462 2849 465 2857 ¹
615 2827 799 2906 Grcfislori
819 2845 884 2926 pro
911 2831 1051 2933 decimis
1077 2836 1113 2904 in
1137 2831 1402 2940 Burclmrlslori.

418 2981 456 3058 C.
505 2983 709 3082 innomine
742 2999 857 3084 sancte
891 3000 927 3065 el
950 2987 1118 3083 indiuiduo
1152 2991 1309 3062 trinilolis
1340 2986 1565 3082 eiusdemque
1597 2990 1701 3065 iose-

318 3081 480 3180 parabilis
506 3087 656 3164 unitatis
708 3083 1002 3176 Gelehordvs
1027 3087 1551 3183 wirzeburgensisepiscopvs..
1590 3089 1706 3166 Decet

319 3181 556 3259 sollicitudinis
582 3197 699 3278 noslrp
725 3187 935 3282 urguentium
960 3188 1139 3264 sollertem
1165 3210 1246 3262 esse
1273 3198 1308 3260 el
1332 3186 1528 3283 prouidem,
1551 3187 1701 3280 ecclesie

321 3283 478 3366 diuinitus
512 3283 614 3363 nobis
651 3291 833 3382 commisse
867 3292 987 3384 segrei
1010 3291 1211 3384 prospicere
1237 3290 1371 3380 enimn,
1407 3309 1454 3363 ue
1490 3285 1582 3365 eom
1620 3288 1699 3361 onle

318 3393 438 3468 uoslrc
462 3383 575 3458 habito
601 3396 755 3482 temporo
787 3411 832 3462 oc
856 3411 1043 3484 prossessc
1076 3388 1190 3483 ulique
1220 3387 1372 3460 uiolenlo
1407 3385 1612 3482 impulsione
1637 3391 1706 3467 ine.

309 3486 411 3556 iuste
437 3487 577 3580 omittet,
604 3495 727 3581 cique
753 3485 817 3562 sub
839 3498 962 3562 nostro
988 3510 1070 3561 euro
1095 3489 1261 3581 ecquisilo
1276 3487 1402 3560 luerint
1427 3497 1528 3582 elque
1554 3497 1700 3563 conlro-

320 3581 411 3676 dilo,
446 3583 614 3678 legittimo
651 3588 811 3680 peclione
842 3589 877 3660 in
913 3597 1092 3681 posterum
1124 3585 1323 3661 confirmatu
1352 3595 1584 3681 permaneam.
1642 3586 1695 3660 Eo

318 3693 459 3780 propter
495 3691 615 3758 nolum
645 3707 729 3760 esse
769 3689 932 3782 cupimus
955 3695 1025 3758 lom
1049 3684 1263 3780 presentibus
1299 3707 1398 3780 quum
1418 3684 1699 3781 ,ppsdutmisio

320 3780 457 3856 Christe
481 3779 649 3876 fidelibus,
670 3783 821 3880 queliler
846 3805 913 3876 ego
941 3781 1225 3868 Gehehcrdus
1251 3807 1314 3881 per
1329 3783 1384 3860 dei
1402 3789 1709 3882 ‘gradumwirueq

319 3881 504 3978 burgensis
531 3885 716 3981 episcopus¹
740 3881 972 3971 concambium
991 3883 1133 3971 fecerim
1158 3907 1235 3957 cum
1260 3883 1397 3975 domiuo
1411 3884 1550 3971 Adam
1574 3884 1700 3980 abbeie
