3776 4730
319 489 394 570 5⁰⁰
900 501 1118 582 Monumeuta

321 702 474 797 presenti
507 703 660 797 scripte,
697 704 804 799 quod,
843 731 917 778 eum
951 706 1245 781 Eberhardus
1279 707 1320 780 de
1346 700 1563 798 llaspacb
1602 691 1701 772 miles

322 800 486 872 decimam
507 797 533 888 ¹)
555 805 604 873 'iu
630 803 713 875 villa
739 805 1027 898 Holzbirsem
1061 833 1157 904 quam
1193 833 1212 880 a
1237 803 1544 906 predecessoribus
1572 803 1702 873 nostris

322 911 359 972 et
384 923 403 970 a
429 897 528 972 uobis
561 905 594 973 in
627 902 730 977 ieodo
766 911 893 996 tenuit,
926 906 1060 980 dilectis
1096 913 1129 982 in
1158 909 1293 982 Christo
1332 906 1447 977 sorori
1481 899 1703 974 Gertrudi

319 998 495 1072 abbatisse
521 1007 556 1072 et
582 1005 656 1075 eius
683 1010 1074 1081 conuentuimonasterii
1103 1014 1137 1083 in
1159 1004 1547 1104 Marpurgebuseu
1574 1000 1703 1073 ordinis

321 1101 570 1196 cysterciensis
597 1125 659 1198 pro
686 1107 807 1198 viginti
834 1119 979 1202 quatuor
1004 1131 1191 1182 marcarum
1219 1110 1353 1203 argenti
1378 1105 1497 1200 precio
1524 1101 1566 1174 de
1583 1109 1703 1173 nostro

321 1200 444 1272 fauore
471 1209 506 1271 et
531 1200 677 1274 licencia
704 1205 917 1280 uendidisset
950 1212 1127 1305 ipsamque
1153 1201 1364 1298 decimam²l
1398 1203 1531 1300 prelato
1557 1223 1704 1274 monas-

322 1301 412 1372 terio
437 1299 480 1370 de
507 1312 626 1374 nostre
652 1307 862 1399 paternitatis
888 1307 1128 1382 beniuolencia
1155 1310 1365 1406 appropriari
1392 1303 1590 1400 suppliciter
1614 1323 1705 1398 pos-

322 1399 492 1486 tulassem
526 1403 602 1495 quia
638 1403 726 1476 idem
752 1405 1044 1480 Eberhardus
1083 1421 1227 1506 quatuor
1260 1429 1399 1480 mansos
1426 1409 1460 1475 iu
1486 1401 1570 1474 villa
1595 1401 1706 1472 Vol-

323 1497 662 1592 baldeshusen„
696 1507 750 1600 qui
785 1507 950 1601 siquidem
984 1513 1201 1606 proprietatis
1237 1509 1348 1606 tptulo
1375 1505 1439 1578 sibi
1466 1501 1707 1599 conpetebant,

327 1599 525 1672 coadunatis
561 1605 632 1675 suis
666 1615 700 1676 et
725 1605 921 1702 Agnetis
957 1614 1079 1682 uxoris
1116 1633 1178 1682 sue
1212 1607 1365 1682 manibus
1392 1603 1491 1679 nobis
1514 1601 1708 1697 resignauit

325 1721 457 1794 eosque
483 1699 525 1772 da
551 1705 683 1804 uostris
707 1705 860 1779 manibus
885 1709 965 1782 loco
992 1709 1080 1783 dicte
1102 1709 1235 1782 decime
1254 1706 1284 1805 ³]
1311 1710 1442 1804 recepit
1463 1706 1601 1777 nomine
1615 1701 1708 1775 feodi

324 1799 568 1897 possidendos,
595 1825 660 1875 uos
688 1805 995 1901 supplicaciouibus
1022 1809 1163 1904 predicti
1188 1808 1446 1886 Eberhardi
1473 1803 1709 1876 fauorabilitcr

324 1900 488 1988 inclinati
515 1913 658 1996 pensata
682 1926 751 1976 nou
779 1910 888 1980 minus
915 1909 1083 1999 utilitate.¹
1110 1934 1207 2005 pram
1234 1933 1280 1982 ex
1304 1909 1561 2006 permutacione
1587 1903 1708 1974 huius-

210 2069 217 2080 .
325 1998 418 2072 modi
458 2009 577 2073 nostre
612 2003 765 2076 ecclesie
791 2009 981 2080 inuenimus
1007 2015 1209 2105 prouenire,
1245 2009 1469 2108 supradictam
1498 2006 1663 2078 decimam
1681 2003 1707 2095 ⁸)

326 2105 361 2174 in
387 2099 661 2174 lleluhuseu
689 2127 763 2176 cum
791 2109 865 2179 eius
891 2113 1129 2200 uniuersitate2
1155 2121 1295 2206 accepta
1322 2112 1463 2206 primum
1492 2107 1533 2180 de
1562 2103 1620 2177 illa
1646 2126 1707 2200 per

326 2203 436 2296 ipsum
463 2201 773 2276 Eberhardum
799 2211 1042 2301 resignacioue
1071 2209 1112 2282 ad
1139 2233 1256 2283 manus
1282 2219 1441 2300 nostras,
1474 2205 1649 2280 abbatisse
1676 2214 1709 2274 et

327 2304 513 2372 conuentui
541 2307 741 2376 monasterii
767 2306 909 2400 predicti
937 2311 970 2380 in
997 2313 1168 2406 proprium
1196 2311 1312 2384 damus
1340 2321 1374 2382 et
1397 2307 1560 2380 tradimus
1585 2307 1619 2376 iu
1645 2305 1709 2375 hiis

326 2401 462 2494 scriptis
504 2423 646 2496 eamque
685 2407 718 2476 in
756 2409 865 2501 ipsum
904 2414 1145 2484 monasterium
1183 2409 1570 2508 blarpurgehuseu
1606 2405 1709 2501 pleno

326 2503 401 2572 iure
426 2503 644 2598 proprietatis
671 2506 907 2580 transferimus
935 2515 1142 2598 erminus,
1169 2515 1339 2584 mittentes
1364 2508 1602 2582 nichilominus
1622 2528 1710 2602 pre-

328 2600 451 2674 dictam
478 2599 683 2680 abbatissam
710 2615 746 2676 et
772 2609 845 2680 eius
872 2623 1076 2684 conuentum
1103 2615 1136 2683 in
1164 2611 1380 2707 corporalem
1408 2613 1514 2705 ipsius
1538 2603 1712 2698 decime⁵)

327 2704 601 2799 possessionem.
628 2701 719 2774 Nulli
747 2728 834 2800 ergo
860 2713 998 2782 omuino
1027 2711 1140 2800 liceat,
1166 2712 1253 2789 hauc
1277 2715 1434 2808 paginam
1460 2706 1712 2782 uostre'doua-

328 2803 440 2874 cionis
466 2801 655 2896 intringere
681 2813 738 2876 aut
764 2805 874 2878 eidem
901 2833 985 2881 ausu
1012 2815 1194 2884 temerario
1223 2814 1415 2900 contraire,
1445 2809 1544 2905 quod,
1580 2810 1712 2901 siquis

329 2909 531 2996 attemptare
556 2909 822 3000 presumpserit,
858 2908 1131 3001 indignacionem
1159 2911 1214 2984 dai
1241 2913 1502 3007 omnipotentie
1535 2909 1712 2980 beatorum

329 3011 517 3096 martyrum
544 3001 680 3098 llyliuni
707 3007 947 3103 sociorumque
973 3014 1047 3085 eius
1082 3022 1117 3082 et
1142 3023 1294 3085 nostram
1330 3035 1369 3084 se
1400 3013 1535 3083 nouerit
1560 3009 1713 3103 grauiter

328 3103 528 3173 incurrisse.
573 3101 699 3175 Testes
727 3117 824 3178 suut:
851 3107 1029 3182 Herdeuus
1057 3111 1159 3184 abbas
1186 3115 1220 3185 in
1247 3111 1472 3198 ssittitthusin,
1499 3109 1712 3182 Hermannus

291 3227 294 3241 ·
331 3197 448 3288 abbas,
474 3199 643 3274 liudolfus
670 3203 829 3300 subprior
849 3206 1098 3302 debaucheim
1124 3212 1338 3286 Hermaunus
1364 3211 1579 3297 cellerarius
1605 3209 1713 3281 irater

328 3299 510 3374 lleinricus
536 3301 708 3374 Meiulocb
736 3327 928 3381 conversus
956 3309 998 3382 de
1016 3313 1238 3384 Bilbilthusen
1256 3311 1298 3404 ⁶),
1323 3311 1489 3384 Albertus
1515 3309 1711 3404 prothono-

329 3403 456 3490 tarius‚
491 3405 676 3476 canonicus
711 3405 746 3476 iu
781 3407 925 3504 Houge,
964 3411 1138 3488 lohannes
1173 3412 1379 3501 adsecutus,
1411 3411 1594 3504 Swigerus
1615 3407 1643 3504 ⁷)
1670 3406 1713 3480 de

329 3499 589 3595 Lewenhagen‚
614 3501 783 3580 Rudotfus
810 3507 852 3581 de
879 3509 1098 3586 Heustrouue
1117 3513 1166 3607 θ),
1191 3511 1326 3608 lringus
1353 3511 1395 3584 de
1420 3510 1569 3602 Rrendtu
1591 3507 1711 3584 Sibote

330 3599 373 3674 de
389 3601 611 3691 Heustrowe‚
637 3613 833 3682 castrenses
855 3611 888 3682 iu
900 3611 1080 3708 salzberg,
1107 3613 1283 3687 Gunradus
1310 3613 1475 3686 scultetus
1502 3633 1592 3684 noue
1620 3613 1711 3682 ciui-

330 3703 409 3774 tatis
449 3712 484 3774 et
516 3701 634 3798 plures
668 3703 726 3776 alii
763 3707 804 3778 ad
838 3708 904 3782 boc
938 3717 1052 3785 vocati
1086 3717 1120 3786 in
1154 3716 1384 3788 testimonium
1420 3723 1455 3784 ot
1488 3715 1612 3805 rogati.
1673 3709 1711 3780 lu

330 3823 472 3896 quorum
499 3806 647 3876 omniurn
673 3804 778 3878 robur
811 3819 858 3892 et
879 3815 1108 3886 testimonium
1133 3825 1330 3912 presentem
1357 3813 1489 3888 literam
1516 3833 1620 3908 super
1645 3809 1709 3882 biis

331 3905 559 3998 conscriptam
586 3909 796 4001 appensione
823 3909 929 4004 sigilli
954 3916 1063 3984 nostri
1089 3913 1259 3988 voluimus
1286 3915 1494 4007 consignari.
1523 3913 1610 3986 Acta
1634 3919 1711 3984 suut

330 3999 398 4074 bec
422 4025 517 4099 anuo,
538 4003 664 4078 domiui
689 4005 874 4086 ucetxx
900 4031 1014 4103 nono,
1042 4025 1159 4110 quarte
1182 4015 1268 4091 teria
1294 4019 1471 4104 cinerum,
1498 4009 1709 4110 ponuucaus

331 4105 442 4188 mett
467 4125 557 4184 annu
582 4109 710 4218 quinto.
848 4169 853 4176 .
1055 4117 1059 4124 '
