3768 4728
629 336 853 444 'episcopatus
879 335 1173 438 wirsiburgensis.
1516 339 1588 425 309

206 534 304 604 locum
327 541 535 604 desiderarent
552 541 579 626 ¹)
607 548 754 623 perpetue
786 546 966 618 mansionis,
997 547 1028 602 in
1060 561 1149 623 quem
1184 561 1270 606 suum
1303 548 1516 606 monasterium
1543 550 1588 608 eis

206 627 371 689 transferre
395 628 510 705 liceret,
532 647 599 690 cum
623 627 731 688 ibidem
754 634 864 689 terram
888 629 979 689 cultui
1003 627 1131 691 habilem
1162 637 1192 691 et
1219 629 1347 691 fertilem
1369 634 1536 692 inuenirent
1559 638 1589 692 et

207 712 303 774 locum
327 717 498 793 speciosum
521 717 679 776 conuentui
703 717 799 795 magis
822 721 937 792 aptum,
961 713 1028 782 ad·
1020 731 1149 794 ipsarum
1170 719 1362 790 instanciam,
1397 720 1528 796 acceptis
1551 715 1588 778 ab

208 802 252 860 eis
275 797 411 859 ducentis
436 803 543 860 rnnrcis
567 803 693 882 argenti,
717 815 791 876 quas
815 799 901 860 nobis
926 816 980 878 pro
1003 805 1106 880 precio
1130 798 1306 877 ollerebant,
1328 809 1484 862 reseruaio
1486 801 1588 886 {nobis

208 884 326 946 teloneo
350 891 379 944 ct
401 883 487 945 bonis
521 884 590 945 ville
623 882 659 945 ab
689 887 812 962 auctique
834 883 1011 964 infeodatis,
1044 885 1232 947 medietatem
1265 845 1335 946 ville
1357 862 1589 968 blarpurge-

208 967 333 1031 husen
357 977 414 1030 ιιιιι
436 973 465 1030 in
488 973 581 1052 agris,
604 985 693 1048 quam
715 973 744 1030 in
767 973 867 1048 praiiS,
891 974 1010 1050 pascuis
1022 975 1206 1050 ,piscarils,
1229 970 1330 1048 siluis,
1360 974 1416 1031 viis
1441 978 1470 1032 et
1491 976 1589 1049 inviis,

210 1060 292 1136 aquis
315 1071 519 1136 aquarumque
541 1052 729 1130 decursibus,
751 1071 819 1115 cum
841 1052 957 1116 decima
980 1055 1146 1120 medietatis
1160 1055 1303 1118 bonorum
1328 1061 1438 1118 etcum
1454 1056 1590 1120 libertate

210 1141 317 1202 telonei
340 1139 485 1204 bonorum
508 1157 631 1202 suorum
654 1145 867 1202 transeuntium
897 1147 927 1202 et
949 1159 1070 1204 suarum
1092 1145 1231 1224 nauium,
1261 1145 1432 1203 necessaria
1454 1159 1507 1203 sua
1529 1141 1589 1203 de-

208 1223 374 1304 serentium,
397 1243 432 1285 uc
455 1241 522 1286 cum
544 1223 711 1286 hominihus
733 1225 926 1287 consualibus
950 1225 988 1288 ad
1009 1227 1103 1290 altare
1126 1225 1262 1288 eiusdem
1285 1227 1415 1290 ecclesio
1430 1231 1587 1307 pertinen-

209 1311 295 1387 tibus,
319 1309 406 1371 dictis
429 1309 580 1372 abbatisse
604 1317 633 1370 ct
655 1314 817 1372 concentui
840 1311 934 1372 bbere
953 1315 984 1374 in
1005 1317 1218 1392 proprietatem
1240 1310 1395 1386 dedimus;
1428 1312 1589 1378 ecclesiam

209 1400 238 1459 ιιι
253 1395 405 1476 sepedicta
421 1396 490 1458 villu
506 1414 573 1460 cunt
589 1413 742 1462 consessu
753 1393 960 1458 Wernhori
983 1401 1148 1478 scriptoris,
1171 1403 1241 1460 noui
1258 1401 1430 1460 monasterii
1444 1401 1590 1475 canonici,

212 1480 325 1562 plebani
350 1480 486 1544 ebrsdem
510 1482 584 1558 loct,
618 1485 723 1544 aiure
744 1481 862 1563 plebani
893 1485 1059 1552 eximentes
1089 1490 1120 1546 et
1152 1501 1218 1546 eam
1246 1487 1320 1564 ipsis
1349 1501 1416 1544 cum
1449 1482 1591 1564 predictis

212 1565 295 1630 bonis
318 1566 404 1630 saluo
426 1571 492 1628 lure
516 1563 717 1630 archidiaconi
750 1569 940 1650 assignantes
974 1565 1013 1630 de
1044 1572 1234 1630 connibentia
1265 1567 1383 1648 capituli
1418 1573 1509 1630 nostri
1537 1587 1591 1649 pro

213 1655 391 1714 monasterio
414 1655 460 1716 sui
482 1647 595 1718 ordinis
618 1649 765 1714 iaciendo.
809 1651 841 1714 ln
863 1669 952 1732 quem
975 1653 1073 1716 locum
1107 1672 1160 1716 eas
1190 1651 1328 1715 duximus
1358 1651 1592 1732 transieremles,

212 1741 290 1818 ipsas
313 1736 368 1799 sub
391 1738 551 1819 specialem
581 1743 711 1799 nostram
740 1741 955 1817 protectionem
986 1744 1187 1821 recipientes,
1222 1745 1252 1800 et
1284 1743 1458 1800 auctoritate
1490 1747 1592 1802 nostra

212 1831 298 1904 atque
321 1823 478 1886 beatorum
502 1829 663 1902 martyrum
684 1821 800 1904 Kyllani
833 1832 862 1885 et
891 1828 1040 1887 sociorum
1071 1830 1135 1888 eius
1169 1824 1224 1886 sub
1247 1843 1325 1906 pena
1348 1829 1592 1889 excommunica-

211 1911 297 1972 tionis
319 1907 453 1969 disiricte
475 1906 658 1986 inhibentes,
687 1926 726 1970 nc
759 1913 825 1989 quis
849 1908 1025 1990 prelibatum
1048 1917 1227 1972 conuentum
1260 1915 1290 1972 in
1322 1909 1409 1972 bonis
1431 1915 1593 1991 pretaxatis

212 2001 240 2056 et
260 1999 290 2056 in
312 1993 447 2055 omnibus
469 1993 582 2056 laribus
604 1998 668 2055 suis
691 1993 797 2056 habitis
821 2001 851 2056 ct
871 1993 1033 2072 habendis,
1061 1995 1210 2058 ullatenus
1239 2000 1399 2060 molestare
1431 2002 1592 2077 prasumat.

209 2079 246 2145 Et
266 2087 300 2140 ut
321 2079 379 2140 hec
400 2097 418 2139 a
441 2083 584 2141 memoria
606 2077 755 2140 hominum
787 2097 846 2142 nen
874 2079 1032 2158 excidant,
1066 2080 1121 2144 sed
1156 2089 1300 2162 perpetue
1329 2080 1473 2154 firmitatis
1502 2082 1592 2146 robur

210 2167 364 2244 accipian,
387 2181 515 2243 presens
537 2169 680 2242 seriphum
710 2162 774 2229 lieri
803 2169 945 2230 iussimus
969 2171 999 2228 et
1019 2167 1127 2250 sigiliis
1151 2174 1254 2244 nostro
1288 2172 1318 2230 et
1346 2167 1466 2268 οιιιιιιιιιι
1499 2171 1593 2230 nostrl

209 2249 331 2314 tirmiter
354 2253 538 2317 commutari.
583 2247 692 2312 'lestcs
708 2248 796 2316 huius
810 2254 855 2312 rei
871 2256 954 2313 sunt.
977 2249 1161 2323 Ηιιιιιιιιιιιιιιι
1176 2236 1309 2319 ιἰιιιιιιιιιι
1325 2255 1394 2317 noui
1411 2258 1592 2328 monasterii,

210 2331 398 2409 burchardus
430 2333 468 2398 de
501 2332 695 2438 Ebursberffi
729 2331 883 2400 cunradus
910 2333 949 2397 de
973 2335 1138 2409 buicrbprc
1168 2335 1415 2414 apchidiacenus,
1450 2333 1519 2397 (lito
1556 2332 1594 2397 da

211 2417 422 2502 Heidcrungen
459 2425 621 2484 canonicus
658 2423 777 2484 rneioris
816 2421 968 2501 ecclesie,
959 2425 1146 2565 ,chster
1179 2417 1368 2496 Eberhardus
1404 2421 1592 2498 scolasticus,

210 2503 397 2566 werinherus
421 2509 480 2566 scri
484 2511 558 2586 ptor,
582 2509 743 2567 canonicus
767 2509 835 2566 noui
858 2509 1039 2584 monasterii,
1089 2506 1180 2567 lrlcus
1201 2510 1296 2566 sancti
1312 2503 1454 2583 Stephani
1475 2505 1593 2566 baben-

213 2590 382 2674 bergensis,
405 2589 563 2651 Ηιιιιιιιιιιιι
586 2590 814 2652 onolsbacensis
838 2589 1224 2667 canonieus,l1udenicas
1248 2589 1410 2663 monachus
1433 2595 1465 2652 in
1487 2589 1593 2652 suut-

214 2677 349 2754 tehusen,
373 2675 442 2739 Otto
465 2674 503 2735 de
526 2675 698 2756 Espenuelt,
721 2674 792 2738 Otto
815 2675 992 2752 Wolleslrcl,
1014 2636 1172 2742 liciaricus
1204 2684 1235 2742 st
1257 2674 1464 2741 Theodericus
1486 2675 1593 2745 iratres

213 2762 251 2828 da
271 2761 427 2834 Summa,
455 2760 597 2826 Albanos
621 2759 716 2831 trema
740 2760 933 2835 Suomarius
956 2761 1102 2840 scultetus
1123 2766 1152 2826 bn
1174 2759 1377 2839 Hasalurthe,
1409 2759 1594 2837 Hermauaus

216 2845 312 2930 Canis,
335 2847 506 2920 Frideripus
529 2845 642 2926 stopie,
663 2845 851 2916 Hminerious
874 2846 1023 2926 quondam
1046 2848 1190 2916 scultetus
1223 2852 1254 2910 in
1276 2845 1457 2917 Hasclurthe
1488 2855 1518 2910 et
1546 2844 1595 2923 alil

235 2952 301 3008 uam
323 2933 433 3012 plures.
477 2931 553 2996 Acta
575 2949 650 2994 uero
673 2938 742 2992 sunt
773 2931 829 2994 hec
862 2950 941 2994 anno
975 2931 1085 2994 domini
1116 2932 1165 2995 itin·
1180 2931 1244 2995 CC⁰
1259 2928 1393 3012 xuill,
1426 2937 1457 2994 in
1490 2948 1594 3034 mense

215 2951 424 3102 geptembri,
415 3016 578 3080 indictione
600 3015 630 3077 l
642 3021 864 3108 ,episcopatus
888 3021 981 3080 nostrl
1005 3035 1085 3085 anno
1108 3017 1217 3081 xiiiio·

425 3203 527 3286 Sigilla
553 3221 568 3265 a
591 3202 730 3284 pendent.

423 3303 540 3368 Editum
575 3309 603 3367 in
635 3303 756 3386 Stunrpl
784 3305 1089 3388 lienlrwilrdlghciten
1122 3306 1177 3369 der
1209 3305 1395 3385 dectscben,
1427 3303 1594 3370 besonders

425 3387 615 3452 lriinkisehen
639 3389 826 3452 Geschichie
872 3389 893 3452 i.
917 3411 943 3472 p.
971 3388 1030 3454 117
1050 3387 1100 3454 Νι.
1122 3389 1154 3454 2.

429 3489 454 3567 ¹)
478 3491 605 3555 Charta:
629 3489 829 3555 desidanrent.
