3776 4730
910 467 1137 548 munuera·
1252 522 1279 574 ·.

877 779 1149 860 oocnxxxlx.

723 980 810 1050 Auno
837 977 937 1060 1275„
956 979 989 1044 4.
1011 949 1117 1058 biarbii,
1140 978 1309 1065 Augustae,

321 1167 510 1265 Capitulum
538 1169 712 1248 ecelesiae
738 1190 767 1246 s
794 1167 940 1250 Mauritii
967 1169 1189 1261 augustensis
1214 1166 1256 1245 ad
1281 1163 1430 1248 efficium
1445 1168 1583 1263 plurium
1605 1166 1708 1244 deiu-

389 1289 475 1366 ceps
501 1273 535 1345 in
562 1270 620 1345 die
645 1270 678 1342 b.
705 1267 842 1365 Kplioni
869 1291 944 1339 oum
972 1270 1134 1343 ministris
1160 1265 1400 1349 relatu-eodum
1426 1290 1467 1354 sp
1494 1267 1638 1362 obligat.

419 1437 494 1519 Nos
522 1437 732 1516 Siuridus
774 1435 828 1515 dei
867 1442 976 1533 gratia
1002 1439 1217 1536 prepositus,
1253 1432 1531 1514 Bertholdus
1559 1438 1708 1515 decanus

321 1549 495 1643 totumque
522 1541 704 1638 capitutum
732 1539 883 1630 ecclesie
910 1535 1239 1614 sanctibianricii
1256 1542 1560 1631 augustensis
1587 1551 1709 1619 tenore

319 1643 536 1738 presencium
562 1651 679 1720 notum
707 1663 791 1714 osse
814 1639 973 1717 vehimus
1000 1639 1165 1719 sollercie
1190 1638 1427 1734 singulorum,
1463 1637 1583 1734 quibus
1621 1664 1708 1740 pre-

321 1751 439 1819 sentes
466 1737 615 1817 exhibite
641 1741 767 1820 suerint
791 1741 849 1814 uel
876 1749 1039 1830 ostensa,
1077 1738 1167 1836 qood
1200 1737 1243 1810 de
1269 1741 1439 1816 communi
1466 1762 1641 1825 consensu
1667 1741 1709 1814 ad

320 1839 456 1929 hortem
483 1851 519 1913 et
544 1841 691 1934 gloriam
718 1843 839 1915 summi
865 1844 961 1934 regis
989 1847 1024 1912 et
1049 1838 1216 1917 honorem
1241 1840 1253 1912 i
1276 1862 1394 1918 sorum
1416 1838 1594 1912 beatorum
1609 1864 1708 1917 mur-

322 1951 436 2040 tprum
462 1941 495 2017 in
523 1939 578 2017 die
603 1939 695 2017 beati
721 1937 858 2038 Kpliuui
885 1951 919 2014 et
946 1942 1119 2014 sociorum
1143 1942 1216 2015 eins
1230 1861 1369 2039 pbcnum
1385 1938 1547 2038 deinceps
1563 1952 1708 2036 agentes

323 2034 472 2117 officium
511 2039 749 2150 sollempniter
789 2063 866 2119 curn
906 2043 1070 2121 ministris
1109 2039 1272 2114 volumus
1309 2039 1489 2112 celebrare
1525 2051 1560 2113 et
1593 2039 1635 2113 ad
1676 2039 1711 2116 ib

320 2139 661 2221 iaciendumornnes
688 2163 914 2218 successores
941 2151 1083 2217 nostros
1110 2139 1328 2236 presentibus
1357 2137 1562 2234 obligamus
1588 2139 1709 2216 dantes

321 2244 356 2328 in
394 2243 624 2325 testimonium
669 2236 860 2322 huiusmodi
896 2264 1042 2340 presens
1080 2243 1241 2341 scriptum
1279 2237 1471 2336 sigillorum
1493 2251 1708 2339 ¹nostrorum

321 2343 504 2420 munimine
531 2339 738 2417 roboratum.
791 2342 913 2416 Datum
941 2339 1099 2436 Auguste
1125 2363 1214 2415 anno
1240 2339 1365 2438 domini
1386 2337 1445 2412 hb·
1465 2337 1710 2438 00⁰·LXXV.‚

321 2439 408 2519 ferio
432 2439 474 2516 11.
500 2445 659 2553 proximu
683 2451 764 2542 post
789 2439 1006 2535 dominicam,
1031 2465 1095 2540 quu
1122 2449 1275 2514 cantetur
1298 2441 1530 2534 „inuocauit‘t

456 2629 459 2636 ’
533 2613 713 2698 Fragmenta
735 2617 823 2676 trium
847 2613 1013 2703 stgtttorum
1036 2603 1213 2696 appendent.

934 3011 1092 3121 cccxc.

803 3215 891 3279 Anno
917 3215 1019 3296 1275„
1046 3213 1093 3279 17.
1117 3215 1221 3281 Martii.
1249 3242 1252 3252 ·

323 3402 465 3475 Fratres
492 3413 528 3474 et
554 3424 698 3495 sopores
724 3400 903 3499 hospitalis
928 3407 1037 3477 sancti
1057 3403 1262 3476 Theoderici
1277 3403 1529 3502 herbipolensis
1544 3407 1706 3479 Heinrico

321 3498 564 3596 Weibelario‚
601 3505 669 3576 ciri
709 3501 963 3598 herbipolensi,
1000 3503 1089 3578 bona
1130 3529 1191 3576 sua
1227 3509 1260 3576 in
1297 3506 1379 3578 villu
1406 3507 1598 3604 Esponvelt
1627 3511 1707 3600 jure

527 3685 532 3698 .
673 3601 902 3675 haereditario
928 3603 1136 3700 possidenda
1163 3607 1352 3678 conferunt
1394 3627 1397 3632 ¹

423 3772 496 3847 Nos
521 3773 628 3846 irater
653 3773 909 3864 heinricus
936 3775 1147 3870 capellanus,
1173 3777 1279 3849 irater
1297 3776 1591 3868 Hermuuuum
1617 3801 1706 3874 pro-

323 3883 474 3963 curator,
500 3875 675 3968 ceterique
699 3873 825 3947 iratres
860 3884 895 3944 et
928 3896 1071 3946 sorores
1105 3875 1354 3971 hospitalis
1381 3883 1530 3952 sancti
1557 3879 1705 3952 Theo-

324 3971 443 4044 drici
494 3973 747 4070 herbipolensis
800 3977 1083 4066 recognoscimus
1131 3985 1255 4049 tenore
1304 3983 1520 4074 presencium
1571 3979 1705 4074 publice

322 4073 557 4178 protestando,
584 4074 672 4178 quod
693 4073 897 4152 contutimus
925 4085 960 4155 et
982 4073 1046 4150 biis
1068 4077 1100 4152 in
1116 4079 1252 4185 scriptis
1267 4078 1475 4155 conferimus
1488 4079 1702 4158 Heinrico
