3838 4728
641 442 856 536 episcopatus
886 437 1179 535 wirsiburgensis.

859 745 1001 822 CDLIV.

683 946 772 1012 Anno
798 943 900 1029 1281„
924 945 953 1010 2.
978 946 1127 1060 Octobris.

216 1131 396 1206 Heinricue
424 1153 541 1204 comes
567 1130 609 1202 de
635 1131 778 1206 Kastele
806 1141 1026 1226 protestatur,
1054 1131 1144 1227 quod
1160 1129 1239 1204 Otto
1266 1131 1309 1206 de
1324 1130 1458 1220 Vustat,
1484 1131 1598 1224 miles,

217 1234 253 1304 in
276 1241 468 1305 restaurum
493 1230 683 1306 medietatis
711 1232 865 1304 decimae
892 1237 926 1304 in
951 1232 1197 1326 Eigenhvsen‚
1231 1231 1274 1304 ab
1301 1231 1452 1308 ecclesia
1476 1229 1597 1304 herbi-

217 1331 354 1428 polensi
380 1335 414 1404 in
437 1331 574 1404 feodum
600 1331 845 1427 procedentis,
872 1331 1033 1406 allodium
1068 1355 1165 1406 suum
1199 1335 1234 1404 in
1260 1331 1383 1406 Vustnt
1408 1335 1599 1426 resignavit

686 1454 749 1527 pro
777 1431 882 1504 feodo
909 1431 1148 1528 recipiendum.

315 1599 388 1674 Nos
413 1599 663 1674 Heinricus
690 1623 808 1674 comes
835 1600 877 1673 de
903 1601 1090 1676 Kastelo
1116 1603 1400 1695 recognoscimus
1425 1611 1460 1673 et
1474 1601 1598 1676 litteris

216 1710 444 1798 protestamur
470 1699 705 1794 presentibus,
731 1699 821 1796 qnod
846 1699 950 1774 Otto
985 1702 1028 1776 de
1056 1705 1214 1774 Vnstat
1247 1700 1345 1772 miles
1381 1700 1599 1774 medietatem

217 1799 349 1874 decime
375 1804 409 1874 in
434 1798 743 1892 Eigenhvsen‚
769 1823 867 1895 quam
894 1824 913 1874 a
939 1801 1039 1874 nobis
1065 1801 1220 1896 possedit
1257 1801 1354 1873 titulo
1381 1798 1530 1892 feodali,
1565 1809 1600 1873 et

216 1922 281 1974 nos
309 1899 351 1972 de
378 1897 573 1972 venerabili
601 1898 738 1973 domino
765 1900 998 1997 herbipolensi
1024 1919 1199 1996 eposcopo
1227 1901 1323 1974 titulo
1351 1900 1479 1973 feodali
1491 1921 1598 1972 rece-

216 2003 346 2098 pimus,
384 2021 459 2070 oum
484 2009 605 2072 nostro
633 2009 667 2072 et
705 2003 771 2072 iam
808 1999 887 2074 dicti
921 2001 1046 2078 domini
1084 2025 1126 2074 ac
1162 2003 1268 2096 patris
1309 2004 1420 2074 nostri
1446 2001 1599 2095 episcopi

216 2098 369 2172 vendidit
394 2101 577 2172 conuentui
604 2107 639 2172 et
664 2100 977 2174 eanatmonialibus
992 2101 1128 2176 leminis
1155 2105 1189 2175 in
1205 2099 1598 2196 Frowenrodpleno

217 2221 390 2274 consensu
417 2198 660 2289 concedentes,
687 2199 873 2274 accedente
908 2205 1025 2294 gracia
1060 2211 1095 2274 et
1130 2201 1251 2272 fauore
1286 2200 1411 2274 domini
1446 2201 1601 2304 episcopi
1736 2215 1740 2228 ·

216 2323 258 2372 ac
283 2298 446 2372 beniuolo
474 2321 647 2372 consensu
685 2300 841 2395 capituli,
881 2311 919 2374 vt
957 2301 1065 2386 dictus
1100 2309 1288 2374 conuentus
1327 2304 1435 2395 ipsam
1468 2309 1599 2395 partem

216 2399 348 2472 decime
375 2398 472 2470 titulo
500 2407 534 2468 et
554 2401 633 2490 jure
659 2401 878 2494 proprietatis
894 2400 1115 2496 possidentia
1132 2409 1298 2488 eternum,
1326 2399 1388 2472 sub
1409 2400 1469 2472 tali
1485 2409 1598 2472 tamen

216 2498 339 2590 dorma,
367 2497 457 2594 quod
482 2499 654 2592 predictus
682 2497 784 2570 Otto
812 2499 910 2574 miles
938 2499 1099 2572 allodium
1125 2521 1222 2570 suum
1248 2501 1347 2572 situm
1374 2502 1407 2570 in
1423 2497 1598 2588 vostat,

215 2598 308 2694 quod
332 2608 455 2670 tenore
482 2600 700 2694 proprietatis
728 2598 894 2692 possedit,
921 2598 1058 2672 domino
1085 2601 1249 2694 episcopo
1283 2607 1317 2668 et
1349 2596 1450 2670 nobis
1476 2601 1597 2688 resig-

215 2701 309 2772 nauit
342 2707 378 2770 et
412 2721 431 2768 a
466 2697 570 2770 nohis
603 2719 666 2792 pro
701 2696 806 2770 feodo
846 2703 976 2794 recepit
1013 2709 1047 2770 et
1084 2721 1149 2771 nos
1186 2696 1343 2772 similiter
1375 2696 1417 2768 de
1442 2694 1616 2792 manibus⁸

216 2796 426 2872 venerabilis
454 2797 582 2870 domini
606 2797 820 2870 Bertoldi
847 2801 1000 2894 episcopi
1026 2801 1217 2894 recepimus
1245 2797 1341 2869 titulo
1367 2795 1504 2870 feodali.
1552 2795 1598 2866 Vt

216 2907 330 2972 autem
354 2897 419 2970 hec
445 2909 519 2970 rata
544 2907 578 2970 et
603 2899 805 2972 inconuulsa
830 2909 1053 2994 permaneant
1078 2909 1113 2971 et
1137 2898 1263 2970 nullam
1291 2900 1419 2970 erroris
1438 2896 1596 2991 calump-

216 3001 306 3071 niam
342 3021 362 3068 a
396 3001 546 3093 posteris
574 3001 770 3092 paciantur,
810 3021 955 3095 presens
990 3004 1151 3095 scriptum
1178 2993 1294 3092 sigillo
1328 3000 1433 3092 ipsius
1469 2995 1596 3070 domini

217 3099 385 3193 episcopi,
408 3101 518 3172 nostri
544 3120 679 3192 quoque
705 3097 812 3192 sigilli
847 3103 1029 3174 munimine
1060 3102 1220 3174 iussimus
1255 3094 1422 3170 roborari.
1474 3099 1596 3171 Datum

216 3220 304 3270 anno
332 3197 458 3270 domini
483 3194 848 3294 medumpam,
875 3199 948 3272 V10·
973 3223 1082 3274 nonas
1109 3197 1280 3272 Octobris.

425 3393 603 3478 Appendent
624 3394 684 3460 duo
706 3399 812 3482 sigilla.
