3836 4722
917 429 1137 511 hanmone
1286 486 1290 494 .

952 629 1104 708 tntu.

926 803 1017 868 Auno
1042 796 1133 866 1136.

338 915 577 994 Emhrichouis
613 912 897 1009 wirziburgensis
932 915 1103 988 ecclesiae
1146 915 1291 988 ministri
1323 913 1442 986 notitia
1477 909 1520 982 de
1554 920 1720 1009 consuu-

338 1021 456 1093 ctione
480 1026 515 1090 et
527 1013 742 1091 dedicatione
757 1015 930 1088 ecciesiae
955 1018 990 1088 in
1007 1012 1218 1092 Sesselbaoh
1243 1012 1464 1107 eiusdemque
1489 1014 1617 1086 unione
1632 1023 1720 1089 'cunt

769 1113 920 1190 ecclesia
945 1118 1077 1188 manici
1102 1115 1286 1208 indagia.

439 1239 478 1316 0.
529 1241 567 1316 ln
591 1243 731 1314 nornine
756 1250 877 1314 sancte
900 1252 936 1313 et
959 1241 1130 1314 indiuidue
1154 1243 1324 1313 trinitatis.
1375 1239 1452 1333 Ego
1478 1237 1719 1314 Embrichu

340 1354 458 1436 sande
490 1339 882 1439 wyrniburgensis
916 1341 1063 1434 ecclesie
1098 1343 1263 1414 minister.
1314 1335 1440 1412 Notum
1482 1343 1526 1413 sit
1563 1337 1720 1412 omnibus

340 1443 470 1516 Christi
490 1439 645 1513 fidelibus
671 1451 739 1512 turn
764 1443 914 1536 posteris
940 1461 1040 1538 quarn
1064 1440 1294 1540 presentibus,
1318 1439 1409 1536 quud
1435 1439 1567 1535 pridem
1583 1440 1719 1512 Hart-

340 1563 491 1614 manns
518 1561 593 1612 oum
622 1543 769 1634 coniuge
795 1561 858 1613 sna
884 1539 1091 1636 Seburgs
1115 1545 1276 1630 nomine,
1309 1539 1418 1612 libere
1444 1539 1650 1613 conditionis
1684 1543 1720 1612 in

336 1645 441 1712 uinea
466 1640 592 1713 domini
619 1644 795 1736 cupientes
823 1645 960 1736 operari
985 1665 1030 1713 ne
1056 1641 1186 1716 denarii
1212 1639 1321 1712 diurni
1336 1639 1507 1712 numme
1522 1639 1720 1713 uiderentur

338 1743 478 1836 priuati,
504 1749 655 1814 sanctam
683 1739 737 1812 dei
763 1744 964 1834 genitricem
991 1741 1131 1838 Mariam
1159 1737 1223 1814 sibi
1255 1743 1291 1812 in
1326 1739 1391 1811 hac
1424 1739 1545 1812 eedem
1578 1761 1619 1811 re
1645 1739 1720 1812 heri

338 1840 530 1936 deposcunt
554 1839 775 1932 adiutricem,
801 1844 957 1936 quatinus
984 1845 1090 1938 ipsius
1116 1845 1310 1913 interuentu
1336 1838 1426 1933 quod
1450 1843 1541 1912 uotis
1568 1850 1720 1935 expeta-

338 1939 430 2031 bant,
455 1939 684 2038 perducerent
709 1938 935 2013 adedeutun.
987 1939 1094 2034 Igitur
1118 1944 1153 2014 in
1168 1939 1417 2034 uiiia'quadam
1433 1938 1721 2012 Sesseibaoh

338 2043 526 2130 nominata,
553 2038 588 2112 in
612 2040 729 2135 predio
757 2061 820 2113 suo
847 2041 1031 2132 poclasiem
1064 2044 1205 2137 proprio
1240 2050 1373 2134 sumptu
1400 2049 1640 2112 construentes
1676 2039 1721 2112 ud

336 2139 527 2236 perfectum
552 2161 663 2235 usque
677 2139 920 2235 perduxerunt,
946 2161 1044 2235 qurum
1072 2140 1206 2213 anobis
1232 2143 1266 2210 in
1282 2139 1416 2212 bonore
1431 2136 1540 2212 sancti
1556 2137 1722 2236 Stephani

339 2239 626 2336 prothomartyris
653 2239 839 2313 dedicatam
865 2251 986 2313 nostro
1004 2242 1151 2313 oonsilio
1179 2251 1213 2312 et
1228 2257 1401 2312 consensu
1417 2237 1460 2310 ad
1479 2239 1586 2312 altare
1603 2250 1721 2331 samue

339 2340 393 2410 dci
421 2343 598 2433 genitricis
626 2343 659 2410 in
685 2341 833 2433 Augie
859 2340 1088 2430 tradiderunt,
1123 2363 1164 2412 aa
1189 2337 1350 2411 uidelicet
1375 2343 1509 2411 ratione
1544 2351 1581 2410 ut
1608 2339 1720 2412 eidem

339 2435 487 2531 ecclesie
514 2443 548 2510 in
565 2440 709 2534 Aegia
734 2443 942 2534 quasimatri
967 2439 1035 2511 iiia
1061 2440 1193 2512 subdite
1220 2444 1264 2511 sit
1291 2441 1534 2534 etquicunque
1553 2439 1720 2512 sacerdos

340 2539 450 2611 eidem
477 2539 625 2631 ecclesia
651 2539 842 2633 presideat,
877 2540 926 2610 iiii
953 2543 1054 2614 etiem
1079 2544 1115 2612 in
1143 2543 1235 2612 omni
1258 2539 1498 2629 ecclesiastico
1528 2541 1603 2610 iure
1629 2559 1720 2636 pro·-

332 2638 462 2709 utdest.
513 2638 598 2710 titud
626 2642 729 2710 etiam
753 2639 965 2710 adiciendum
993 2640 1083 2734 quod
1109 2644 1142 2712 in
1168 2639 1223 2711 die
1239 2638 1461 2712 dedicationis
1486 2639 1638 2734 predicte
1654 2661 1719 2732 ec·-

339 2733 1720 2836 desieinSessetbach,queestVX.[t]hal..luiiipreiatusidartmannus

339 2847 375 2908 ot
399 2857 488 2908 uxor
514 2840 589 2907 eius
616 2835 828 2931 Seburge
855 2858 1006 2910 mensum
1032 2859 1133 2911 rmum
1172 2847 1207 2910 et
1242 2858 1355 2910 aream
1383 2859 1456 2909 oum
1484 2837 1590 2910 tribum
1617 2859 1720 2911 mun-

339 2939 436 3032 oipiis
469 2939 504 3007 in
543 2935 657 3008 dotem
686 2937 804 3010 aitaris
830 2937 1051 3030 tradiderunt,
1078 2963 1119 3012 ea
1144 2938 1308 3011 videlicet
1332 2942 1485 3027 ratione,
1519 2949 1555 3009 ut
1580 2958 1720 3013 mausus

337 3045 374 3108 ot
392 3057 480 3134 areu
507 3038 540 3106 in
565 3045 737 3134 potestate
763 3033 910 3130 ecclesie
935 3037 1046 3111 libere
1074 3038 1184 3128 cedat,
1211 3041 1376 3133 mancipia
1401 3057 1508 3124 uero,
1543 3039 1718 3112 masculus

339 3157 426 3208 unns
458 3138 598 3208 nomine
625 3135 802 3210 Cdnradus
837 3141 960 3234 quinqe
988 3139 1163 3227 denarios,
1202 3147 1236 3209 et
1263 3135 1325 3228 dup
1351 3135 1536 3226 mulieres,
1573 3148 1717 3236 utraque

334 3235 473 3308 iliarum
499 3234 660 3310 dederim
688 3235 774 3310 duos
801 3237 844 3311 ad
869 3238 977 3311 altare
1003 3239 1036 3310 in
1056 3237 1112 3311 die
1135 3237 1285 3310 eiusdem
1312 3239 1422 3310 suncti
1441 3235 1604 3334 Stephani
1628 3261 1720 3335 puo-

337 3333 559 3437 tbomartpris
585 3335 795 3434 persoluent.
850 3339 922 3431 Qus
949 3341 1061 3410 omnis
1089 3341 1176 3412 siout
1196 3337 1341 3409 diximus
1368 3339 1403 3406 iu
1429 3347 1548 3410 nostra
1574 3349 1609 3409 et
1625 3340 1719 3411 mul·-

336 3447 448 3510 torum
473 3439 647 3534 presentia
673 3436 839 3533 disposite
867 3449 901 3510 et
917 3437 1151 3526 determinate,
1177 3448 1214 3508 nt
1229 3437 1323 3508 firma
1350 3427 1718 3536 et'stabiliaperpetuo

336 3545 558 3635 permaneant
589 3549 786 3633 presentem
818 3539 979 3610 certulam
1006 3539 1085 3610 inde
1103 3537 1273 3612 conscribi
1299 3537 1462 3627 fecimus,
1488 3556 1586 3634 quem
1613 3539 1721 3634 sigssii

335 3641 447 3711 nostri
479 3640 698 3733 inpressione
732 3641 900 3732 signatam
938 3635 980 3710 ad
1005 3649 1223 3734 posterorum
1261 3638 1414 3708 notitiam
1448 3641 1719 3712 nunsnitttmus.

336 3737 463 3812 Testes
490 3741 546 3834 qui
571 3736 731 3810 uiderunt
756 3749 790 3808 et
816 3736 994 3809 audierunt
1019 3741 1076 3809 isti
1102 3748 1190 3810 sunt.
1252 3739 1305 3808 De
1339 3735 1495 3809 clericis:
1527 3737 1624 3811 Bubo
1650 3739 1720 3813 de-

336 3856 463 3928 canus,
500 3837 718 3910 Wcrtwinus
763 3835 934 3924 decanus,
973 3837 1211 3932 wignandus,
1248 3833 1468 3909 (iebehardus
1508 3841 1719 3936 prepositus,

335 3936 569 4025 Winitherus,
605 3934 798 4030 sigefridus
838 3937 1053 4030 prepositus,
1092 3939 1287 4010 Dietmarus
1314 3936 1464 4028 Ernest,
1489 3935 1717 4012 Fricdubelnr.

334 4037 388 4111 De
413 4035 535 4110 laicis:
562 4029 690 4107 cinnat
715 4033 757 4106 de
785 4033 973 4127 Tungeden
1000 4035 1127 4109 cunrat
1151 4036 1193 4108 de
1219 4035 1454 4128 Phuuueobeu,
1479 4037 1656 4111 friderich
1682 4051 1718 4114 et
