3860 4722
613 409 830 504 episcopatus
854 409 1150 504 wirziburgensis.
1501 412 1569 486 tlt

202 606 325 674 minati.
377 605 519 702 lusuper
544 607 587 680 da
614 611 756 702 pecunia
783 607 935 682 eiusdem
962 613 1061 705 pretii
1080 607 1244 684 dabuntur
1256 609 1393 684 domino
1409 613 1574 708 episeopo

205 703 293 774 mille
322 728 435 778 marca
461 711 613 800 urgenti‚
651 707 693 780 dc
728 708 846 803 quibus
886 709 1001 783 soluat
1040 719 1207 782 monetam
1243 714 1314 782 suis
1348 709 1573 783 creditoribus

204 803 406 896 obligatam,
445 805 487 878 de
528 808 603 882 aliis
646 807 804 903 disponet
836 812 1045 906 episcopos,
1083 809 1171 904 quod
1197 809 1262 882 sibi
1289 813 1439 882 senserit
1463 814 1573 904 magia

203 905 375 998 expedire.
429 905 601 983 Dabuntur
626 919 783 1004 preterea
810 908 851 980 ad
878 910 1148 982 meliorationem
1164 907 1409 1005 prebendarum
1434 913 1573 984 maioris

202 1007 335 1099 capituli
362 1029 476 1078 marce
503 1012 710 1103 quingente,
746 1007 788 1081 de
826 1008 948 1104 quibus
984 1012 1154 1084 annuatim
1195 1020 1290 1082 certe
1323 1009 1574 1104 persoluendos

201 1104 350 1178 redditus
376 1107 620 1202 comparabunt
655 1107 697 1180 ad
723 1107 990 1184 celebrationem
1016 1111 1239 1184 anniuersarii
1272 1107 1396 1182 domini
1432 1109 1573 1184 Albe·-

201 1208 325 1278 ronis
351 1207 559 1281 uenerabilis
587 1207 836 1304 herbipolensis
863 1209 1016 1283 ecclesie
1031 1208 1197 1304 quondum
1214 1213 1379 1306 episcopt
1405 1213 1461 1304 qui
1487 1205 1574 1283 dicta

200 1304 288 1377 bona
314 1308 349 1378 in
373 1305 588 1380 Lambacb
623 1313 749 1382 sanclis
784 1309 977 1384 martiribus
1003 1309 1151 1406 Kyllano
1186 1319 1221 1382 et
1259 1313 1365 1382 sociis
1400 1312 1472 1383 suls
1511 1333 1573 1407 pro

199 1405 310 1477 solute
335 1428 398 1480 sus
423 1406 571 1480 feliciter
597 1409 739 1482 contulit
765 1419 800 1481 et
825 1407 972 1484 donauit.
1024 1409 1211 1484 Residuurn
1238 1413 1380 1505 pecunie
1396 1420 1574 1505 pretaxate

198 1527 266 1578 non
293 1509 328 1578 in
354 1529 439 1580 usus
467 1507 555 1582 alios
582 1509 814 1604 expandetur,
842 1531 940 1605 quam
965 1512 999 1581 in
1026 1509 1231 1584 solutionem
1260 1519 1482 1606 prouentuum
1508 1533 1574 1580 ec-

199 1606 308 1678 clesie
335 1606 582 1698 othonorum
616 1631 682 1702 qne
708 1612 844 1704 pignori
870 1609 1020 1704 obligata
1044 1621 1253 1684 noscuntur:
1293 1610 1436 1680 Fructus
1462 1619 1573 1680 mrtem

198 1705 386 1778 reddituum
413 1707 681 1796 abluendorum
706 1719 843 1780 moneta
870 1719 994 1782 tantum
1021 1721 1186 1808 excepta,
1228 1711 1365 1782 oruuiuo
1392 1707 1515 1781 cedent
1541 1719 1575 1782 et

199 1805 407 1899 colligentur
432 1807 474 1880 ad
500 1831 617 1882 manus
646 1809 781 1904 capituli
807 1831 868 1904 per
894 1813 1116 1883 ministerium
1142 1813 1382 1881 canonicorum
1410 1819 1444 1880 et
1469 1811 1575 1882 mini-

197 1907 399 1998 sterialium,
425 1911 480 2002 qui
506 1907 548 1980 nd
562 1907 628 1980 boc
642 1907 768 1982 luerint
782 1907 943 2005 deputati,
969 1921 1004 1982 et
1028 1931 1073 1983 ex
1088 1910 1285 1984 tuscanae
1305 1907 1395 1982 bona
1409 1909 1580 2000 ecclesio,¹

198 2028 263 2100 que
289 2009 506 2101 inpignorata
532 2019 620 2098 suut,
646 2011 734 2081 siout
759 2009 901 2104 prouida
926 2009 1147 2082 deliberatum
1181 2010 1282 2082 luerit
1319 2020 1353 2080 et
1379 2007 1574 2104 prudenter,

196 2110 333 2200 penitus
362 2106 558 2180 liberentur.
612 2107 696 2182 Cum
721 2119 832 2182 nutem
869 2114 980 2183 omnia
1015 2109 1158 2184 liberata
1195 2111 1321 2181 luerint
1356 2120 1391 2179 el
1423 2119 1575 2205 receptu,

197 2205 297 2280 dictis
323 2207 561 2303 receptoribus
588 2220 812 2304 prouentuum
839 2210 1028 2282 solutorum
1054 2209 1182 2282 tructus
1209 2231 1328 2282 omnes
1344 2207 1467 2280 debent
1482 2207 1572 2282 lido-

196 2305 275 2378 liter
304 2310 484 2401 assignari,
511 2331 688 2404 quousque
714 2319 805 2382 tanta
831 2333 959 2382 summa
985 2313 1129 2405 pecunie
1155 2309 1355 2402 colligatur,
1391 2317 1514 2402 quanta
1539 2311 1573 2382 in

195 2406 371 2480 solutione
404 2408 571 2480 bonorum
613 2407 764 2482 ecclesie
803 2409 929 2482 luerint
964 2409 1150 2482 distributa.
1218 2409 1300 2481 Cum
1337 2419 1448 2480 autern
1481 2417 1573 2482 tants
1625 2457 1628 2468 ·

195 2507 345 2580 collecta
371 2508 484 2597 luerit,
510 2519 632 2603 quanta
659 2531 813 2604 expensa
839 2509 948 2582 luisse
972 2509 1158 2582 dinoscitur
1183 2519 1218 2580 et
1240 2507 1334 2580 mille
1353 2529 1480 2594 nraroe,
1507 2529 1572 2602 que

194 2605 335 2679 domiuo
361 2612 525 2704 episcopo
552 2609 686 2682 luerunt
711 2612 899 2702 assignate,
925 2607 1213 2704 recepteluerint„
1239 2607 1282 2681 de
1307 2611 1471 2680 uniuersa
1493 2617 1573 2680 orno

193 2711 339 2802 pecunia
378 2707 627 2802 comparabitur
663 2708 823 2780 allodium
858 2713 946 2784 sicut
982 2731 1044 2804 pro
1071 2707 1251 2782 commodo
1277 2707 1429 2782 ecclesie
1454 2708 1571 2782 utilius

192 2811 321 2902 poterit
346 2811 516 2898 inveniri,
554 2819 589 2880 et
623 2819 703 2882 tnnc
737 2811 849 2880 omnia
884 2811 1035 2882 seruient
1061 2831 1180 2880 meuse
1215 2819 1250 2880 et
1274 2807 1391 2880 usibus
1418 2809 1571 2906 episcopi

191 2919 311 3001 preter
335 2908 393 2978 illu
418 2905 521 2997 bona,
547 2931 612 3002 que
638 2911 761 2980 marcis
788 2911 980 3004 quingentis
1007 2919 1118 3004 empta
1143 2908 1267 2980 luerint
1304 2905 1345 2980 ad
1379 2907 1571 3005 prebendas

193 3007 420 3080 dominorum.
479 3007 575 3080 Boua
610 3031 695 3080 uero
734 3007 798 3078 lule
834 3011 990 3104 prontisil
1030 3011 1211 3104 episcopus
1252 3019 1286 3078 et
1319 3006 1447 3102 absque
1480 3009 1571 3082 mulo

193 3110 317 3180 iurauit
345 3109 505 3200 ingenio,
541 3107 630 3203 quod
664 3107 765 3180 uicbil
792 3107 834 3180 da
860 3107 959 3182 bouis
985 3111 1183 3198 uniuersis,
1221 3129 1286 3202 que
1312 3112 1422 3203 pretio
1449 3108 1572 3203 prefati

191 3207 299 3302 predii
325 3205 544 3280 Lambacb
569 3209 694 3282 luerint
720 3219 936 3304 comparatur,
964 3207 1086 3302 ¹aliquo
1113 3207 1329 3280 alienationis
1356 3207 1465 3304 tytulo
1493 3207 1568 3280 dis·-

189 3307 302 3380 trnbet
335 3305 536 3394 uendeudo‚
573 3309 847 3404 impignorando,
884 3309 940 3382 uel
979 3311 1014 3380 in
1038 3307 1174 3380 leoduur
1203 3310 1355 3402 cuiquam
1381 3306 1571 3398 atterendo,

190 3430 253 3480 neo
281 3407 443 3504 impediet
469 3411 669 3503 prouisores
696 3413 729 3480 iu
755 3408 938 3482 redditibus
957 3407 1172 3502 colligandis.¹
1200 3412 1302 3480 immo
1328 3409 1421 3480 iuxta
1448 3410 1568 3503 possi-

189 3505 353 3580 bilitatem
381 3529 475 3580 suam
502 3509 681 3582 consilium
717 3507 807 3581 bona
834 3507 898 3582 lide
924 3509 1081 3606 prebebit
1117 3519 1152 3582 et
1186 3529 1344 3606 operamq
1382 3518 1416 3578 ut
1453 3510 1568 3582 omniu

189 3607 298 3680 libere
321 3618 356 3681 et
384 3611 458 3680 sina
484 3607 740 3704 perturbatione
767 3609 915 3704 qualibet
940 3609 1145 3702 colligantur
1171 3618 1204 3680 et
1231 3617 1363 3692 cuneta,
1390 3631 1456 3702 que
1482 3631 1567 3703 pre-

189 3713 314 3804 scripta
342 3719 442 3798 suut,
476 3709 555 3781 fiant
589 3708 708 3782 ardue
734 3720 914 3806 prenotato
941 3713 1012 3782 suis
1039 3709 1193 3782 consiliis
1221 3719 1255 3780 et
1281 3707 1441 3796 rrurriliise
1479 3711 1567 3783 sicut

189 3829 208 3878 a
233 3808 381 3882 dominis
408 3831 472 3904 pro
499 3819 654 3906 tempore
679 3809 780 3882 luerit
806 3812 998 3904 requisitus.
1051 3807 1104 3880 Ad
1131 3807 1195 3878 bec
1221 3808 1322 3902 aliqui
1349 3806 1566 3880 deiratribus

188 3911 327 3982 maioris
355 3909 520 3999 ecclesia
546 3907 679 4004 quidam
706 3909 748 3981 de
774 3907 1069 3995 ministerialibus,
1108 3907 1209 4002 aliqui
1243 3907 1285 3979 de
1313 3905 1442 3980 cluibus
1469 3911 1566 3979 iura·

188 4019 321 4102 uerunt,
344 4005 372 4104 ¹)
397 4007 487 4082 bona
512 4007 579 4082 lide
604 4031 814 4084 conseruare
838 4012 1014 4105 pecuniam
1041 4017 1284 4179 mamorpqqm
1322 4029 1497 4105 quousque
1531 4009 1566 4081 iu
