3838 4728
616 445 835 540 episcopato
860 387 1156 536 wirsiburgensis.
1517 443 1591 523 ott

203 649 271 712 tenu
304 643 536 737 presentium,
577 663 675 736 quoru
713 639 904 715 inmrorurn
941 641 1101 716 volumus
1139 645 1350 737 pervenire,
1389 641 1479 738 quod
1515 663 1591 714 cum

203 739 436 836 llruphlto,
464 739 724 814 Gerlrsrdus
750 751 786 814 et
810 743 1039 838 Rupertns
1078 738 1139 814 filii
1175 752 1210 814 et
1248 740 1396 816 heredes
1422 742 1591 838 quondum

204 837 334 915 nobilis
358 841 427 914 viri
455 839 653 914 Gonredi
678 840 721 912 de
746 840 1038 936 Boclresberg
1064 851 1100 914 et
1125 863 1243 914 eorum
1259 844 1504 938 progenitores
1518 852 1590 916 tres

203 961 346 1026 mensos
372 950 408 1014 et
433 937 604 1014 dimidium
617 945 693 1014 siue
706 951 838 1038 septem
853 941 955 1015 leode
971 945 1057 1016 sitos
1071 941 1205 1014 invilla
1220 941 1591 1036 Wollechingen,

204 1061 347 1136 qnorum
379 1043 572 1136 proprietas
606 1041 648 1112 nd
687 1039 908 1116 honorabiles
940 1046 1038 1116 viros
1067 1095 1100 1112 ..
1128 1045 1338 1138 prepositum
1366 1097 1397 1114 ..
1426 1040 1591 1115 deceoom

199 1149 240 1212 et
266 1139 447 1238 capitulum
474 1139 726 1236 herbipolensis
753 1142 905 1216 ecclesie
961 1144 1114 1216 ertinere
1145 1141 1353 1233 dinoscitur,
1387 1163 1450 1239 pro
1478 1163 1591 1217 annuo

204 1261 312 1313 censu
337 1239 447 1336 longo
472 1250 629 1336 ternpore
656 1243 862 1328 tenuissent,
890 1165 997 1319 etglii
1023 1251 1058 1316 et
1071 1239 1218 1316 heredes
1235 1241 1377 1338 predicti
1394 1239 1591 1316 Oonredi

203 1338 257 1412 ius
283 1337 346 1414 sihi
373 1351 563 1436 conpetens
590 1339 750 1416 inbonis
776 1341 939 1438 predictis
977 1365 1045 1416 vno
1082 1363 1157 1413 cum
1198 1341 1274 1414 aliis
1310 1341 1410 1415 bonis
1447 1344 1521 1416 sitis
1554 1343 1590 1414 in

204 1439 559 1534 Wollechingen
584 1444 619 1514 in
645 1461 710 1514 nos
738 1451 772 1513 et
813 1439 947 1514 domum
973 1449 1128 1532 nostrum
1154 1441 1518 1537 Wollechingen
1545 1463 1592 1513 ex

204 1561 309 1614 muso
333 1538 558 1630 venditionis,
582 1540 625 1615 de
650 1541 829 1616 voluntnte
855 1541 935 1616 dicti
962 1541 1113 1637 capituli,
1139 1541 1407 1632 transtulissent,
1430 1550 1532 1638 prout
1556 1544 1592 1614 in

203 1643 429 1714 instrumento
467 1640 593 1716 exinde
628 1641 801 1716 coniecto·
824 1641 957 1738 plenius
997 1645 1211 1732 continetur,
1250 1641 1411 1716 nolentes
1436 1641 1591 1738 predicto
1631 1709 1634 1722 .

204 1739 366 1837 cupiorlo,
391 1750 552 1836 pentorn
576 1739 620 1812 sd
644 1752 716 1816 tres
739 1762 882 1816 mensos
919 1753 954 1814 et
995 1740 1166 1816 dimidium
1207 1744 1283 1814 siue
1319 1751 1452 1838 septen
1488 1740 1593 1816 tecta

202 1839 395 1936 predictos,
415 1839 638 1937 preludiciuns
665 1845 840 1935 geuueri,
865 1844 1154 1935 recognoscimus
1182 1841 1324 1914 eosdem
1349 1863 1489 1916 mensos
1516 1843 1592 1914 siue

202 1939 318 2032 feodo,
344 1939 389 2014 de
413 1939 532 2037 quibus
561 1962 635 2014 cum
661 1945 734 2016 suis
758 1945 973 2038 pertinentiis
997 1941 1194 2038 predicitur,
1218 1945 1353 2016 ratione
1373 1944 1591 2038 proprietatis

204 2052 240 2114 et
264 2039 405 2118 dominii
426 2040 472 2113 nd
497 2039 664 2136 prelatum
701 2041 883 2138 capitulum
908 2045 1104 2138 pertinere,
1143 2052 1178 2114 et
1215 2041 1259 2116 de
1294 2041 1426 2116 eisdem
1462 2044 1592 2116 mensis

203 2143 282 2216 siue
305 2139 418 2215 leodis
444 2144 671 2237 promittimus
699 2141 844 2235 singulis
872 2145 969 2216 ennis
995 2145 1030 2214 in
1056 2141 1148 2214 festo
1174 2139 1265 2214 hecti
1291 2142 1427 2216 Martini
1451 2163 1591 2216 merno-

203 2251 279 2314 rcto
306 2241 455 2338 capitolo
481 2263 608 2316 census
633 2243 773 2316 nomine
799 2241 941 2316 soluere
966 2253 1040 2314 tres
1066 2241 1173 2314 libres
1198 2241 1401 2316 hullensium
1429 2252 1465 2314 et
1486 2240 1591 2314 dini-

204 2340 293 2417 dan
321 2352 367 2414 ‹et
399 2340 444 2414 ud
474 2340 563 2414 hono
599 2341 808 2414 solutionem
848 2340 1002 2436 predicto
1042 2343 1189 2414 termino
1230 2340 1420 2414 radendam
1455 2341 1592 2414 domurn

202 2450 358 2518 nostrum
381 2440 425 2512 de
450 2461 626 2516 consensu
651 2450 685 2512 et
711 2440 888 2514 voluntete
914 2439 1192 2514 conmendutoris
1217 2439 1481 2516 Franconie
1503 2461 1591 2536 prs·

204 2539 358 2616 sentibus
381 2539 586 2634 obligemus.
636 2538 676 2612 ln
700 2543 796 2612 cuius
813 2543 866 2614 rei
878 2542 1110 2613 testimonium
1126 2550 1161 2612 et
1177 2539 1382 2614 euidentiam
1399 2539 1591 2635 pleniorem

201 2651 386 2738 presentes
419 2637 553 2714 littores
586 2639 693 2734 sigilli
728 2642 839 2712 nostri
876 2641 1061 2714 munimine
1096 2637 1308 2714 roboremus.
1373 2637 1448 2714 Nos
1484 2637 1592 2712 fretu

202 2739 481 2818 Hermennue
504 2737 749 2816 comendetor
773 2738 1036 2814 Franconie
1062 2737 1318 2834 obligocicnem
1358 2749 1393 2814 et
1418 2741 1589 2832 recogni·

203 2844 332 2916 tionem
356 2839 529 2937 predictus
555 2839 598 2914 de
623 2861 799 2914 consensu
823 2849 859 2912 et
883 2839 1062 2915 voluntate
1086 2849 1207 2914 nosue
1233 2839 1342 2913 loctes
1359 2859 1591 2932 esserecog·

202 2944 391 3031 noscimus,
416 2945 451 3014 in
476 2940 618 3017 euidens
650 2942 882 3014 testimonium
920 2949 956 3012 et
992 2937 1130 3014 roboris
1147 2949 1363 3058 ‘perpetuen
1397 2937 1590 3016 firmitatem

204 3038 1216 3238 ttltttdtllcltldlllttlstltltl0
1243 3041 1593 3216 illidit·

416 3339 484 3406 Duo
507 3339 606 3426 sigillo
628 3339 805 3424 appendent.
