3860 4722
346 499 419 574 210
922 497 1140 571 Monumenta

346 699 507 789 antelati,
552 719 651 793 quem
684 693 934 792 =ntejuss0mm
977 697 1205 794 predictorum
1248 697 1372 791 sigillis
1416 708 1613 792 presentem
1654 697 1722 770 ieci

344 803 502 972 ppginam
538 800 748 870 communiri.
777 858 779 868 t
807 801 896 870 Acta
930 811 1008 873 sunt
1047 798 1112 870 hec
1145 818 1235 869 anno
1274 797 1443 870 dominice
1479 800 1721 871 incarnationis

379 915 404 952 ο·
434 899 515 971 ooo-
544 897 648 972 xmo·

551 1095 771 1182 hppmoebant
791 1097 939 1180 quondam
959 1117 1016 1162 sex
1038 1099 1137 1184 stgtlia
1159 1115 1200 1160 ex
1222 1095 1418 1176 membranis,
1447 1113 1574 1178 quorum
1595 1103 1721 1181 primum

552 1189 641 1336 ppppip
651 1185 884 1334 ³1,{{,⁸3u⁰:{d⁰
903 1193 1000 1250 restat
1021 1183 1220 1269 fragmentum
1252 1185 1424 1264 parvulum,
1446 1189 1573 1263 quatuor
1605 1185 1721 1267 reliqua

873 1855 881 1875 Ι
986 1744 1084 1820 CCII.

928 1946 1016 2011 Anno
1040 1943 1132 2012 1222.

344 2131 423 2206 Otto
456 2133 660 2230 episcopus,
699 2129 778 2202 Otto
818 2135 1056 2228 praepositus,
1091 2129 1325 2206 Theodericus
1359 2131 1509 2207 decanum
1544 2143 1579 2205 et
1612 2144 1739 2208 totum

344 2235 483 2306 maioris
509 2231 682 2304 ecclesiae
707 2232 887 2326 capitulum
913 2233 1060 2306 consilio
1087 2243 1122 2304 et
1137 2231 1383 2305 deliberatione
1397 2237 1718 2308 tamcanonieorum

343 2355 442 2428 quam
466 2331 631 2406 baronum
655 2353 722 2403 nec
747 2354 815 2404 non
850 2343 883 2403 et
909 2333 1200 2425 ministerialium,
1231 2336 1338 2408 variis
1372 2331 1546 2406 laboribus
1579 2347 1719 2433 propter

344 2455 488 2528 guerras
515 2441 551 2505 et
575 2431 771 2504 multimoda
797 2436 940 2506 servitia
975 2437 1009 2506 in
1043 2437 1193 2528 negotiis
1219 2435 1353 2529 imperii
1384 2437 1549 2530 episcopo
1581 2439 1717 2509 incum-

342 2532 513 2626 bentibus,
540 2543 749 2608 contractam
773 2555 879 2630 super
901 2533 1100 2608 venditione
1124 2531 1292 2606 humbech
1317 2533 1484 2629 quondam
1510 2535 1717 2610 celebratum

938 2637 1121 2708 immutant.

439 2801 466 2876 1.
493 2827 526 2876 n.
553 2827 583 2878 s.
610 2827 641 2876 e.
666 2806 689 2876 i.
717 2813 740 2876 t.
792 2802 896 2876 Otto
923 2801 1033 2876 diuina
1059 2805 1279 2877 miseratione
1313 2809 1519 2901 episcopus,
1557 2808 1595 2881 0.
1631 2833 1716 2907 pre-

343 2905 488 3001 positus,
514 2903 824 2978 Theodericus
850 2901 999 2976 decanus
1027 2913 1062 2975 et
1087 2913 1193 2976 totum
1219 2905 1359 2978 maioris
1388 2905 1540 2978 ecclesie
1556 2964 1589 2998 ·.·
1618 2913 1716 3006 capi-

342 3004 447 3077 tulum
473 3002 628 3078 omnihus
662 3005 932 3100 inperpetuum.
984 3000 1068 3074 Cum
1103 3014 1242 3100 propter
1275 3027 1419 3098 guerras
1456 3017 1491 3078 et
1522 3009 1716 3082 multimoda

342 3105 497 3198 servitia,
522 3107 558 3178 in
581 3106 731 3199 negotiis
756 3105 890 3198 imperii
914 3100 956 3174 ah
982 3102 1133 3176 eeclesia
1156 3104 1352 3179 multotiens
1378 3108 1555 3203 requisita,
1582 3108 1716 3184 domino

342 3207 507 3302 episcopo
532 3208 619 3280 varii
644 3201 782 3278 labores
808 3201 1043 3275 incumberent
1066 3213 1102 3274 et
1126 3227 1301 3300 expense,
1336 3217 1469 3279 maturo
1509 3209 1655 3283 consilio
1683 3221 1718 3282 et

340 3305 483 3402 prouida
508 3303 754 3379 deliberatione
792 3313 860 3374 tam
896 3306 1137 3376 canonicorum
1177 3328 1275 3400 quam
1312 3305 1475 3378 baronum
1516 3331 1649 3382 necnon
1684 3321 1718 3382 et

340 3405 609 3488 ministerialium
634 3412 843 3478 contractum
870 3424 973 3498 super
999 3403 1599 3502 venditionehamhachquondam
1614 3411 1715 3482 cele·
1841 3405 1844 3410 ’

341 3505 493 3596 brutum,
527 3508 582 3600 qui
614 3505 692 3578 talis
730 3513 804 3576 est:
840 3500 902 3594 „In
927 3507 1064 3576 nomine
1090 3511 1194 3600 patris
1229 3517 1263 3578 et
1287 3504 1345 3577 lilii
1372 3517 1405 3576 et
1431 3511 1568 3602 spiritus
1595 3513 1714 3582 sancti.

343 3607 508 3680 Dominus
537 3659 546 3676 .
574 3659 583 3676 .
610 3607 815 3700 epiecopus,
840 3608 1054 3700 prepositm,
1081 3605 1228 3680 decanus
1256 3617 1290 3677 et
1314 3609 1511 3680 uniuersum
1537 3611 1715 3705 capitulum

345 3705 597 3802 herbipolensis
624 3703 777 3778 ecclesie
802 3707 1004 3778 unanimiter
1030 3717 1275 3796 conuenerunt,
1302 3717 1337 3778 vt
1358 3707 1510 3801 predium
1528 3713 1571 3780 im
1594 3709 1715 3783 Lam-

344 3805 452 3879 bach
477 3825 554 3876 cum
580 3807 652 3880 suis
676 3807 890 3902 pertinentiis
917 3803 979 3880 suh
1005 3801 1068 3877 hec
1087 3805 1392 3880 icrmeuendetur:
1421 3808 1463 3879 de
1477 3814 1601 3902 pretio,
1626 3813 1717 3906 qnod

341 3915 513 4000 receptum
539 3902 642 3978 luerit
668 3903 711 3978 de
735 3904 1020 4003 predictopredio
1047 3904 1268 4001 adtemptare,
1292 3907 1540 4002 comparabitur
1555 3909 1715 3982 allodium

339 4005 475 4078 domine
500 4001 543 4078 de
568 4003 837 4101 Ahenherg,
871 4005 1091 4100 eiusdemque
1117 4004 1233 4078 allodii
1258 4019 1466 4101 prouentus,
1501 4013 1530 4082 si
1569 4009 1715 4082 habitum

339 4105 441 4180 tuerit
466 4114 502 4179 et
528 4117 708 4206 coeptum,
740 4111 854 4184 stetim
879 4109 913 4178 in
947 4127 1033 4181 rsus
1057 4115 1093 4178 et
1118 4109 1293 4182 seruitium
1318 4106 1442 4181 cedent
1466 4111 1617 4207 episcopi
1644 4135 1714 4186 nc-
