3838 4728
257 453 330 547 59'4
838 467 1057 542 Monumenta
1127 433 1129 438 Ι

255 670 461 746 Godeboldo
489 669 531 742 de
548 667 740 741 Walbusen
767 677 801 739 et
826 667 1024 741 Hermanno
1052 665 1094 738 do
1118 664 1330 762 Liebesperg
1357 665 1531 736 canonicis
1557 661 1645 733 luer-

258 770 515 870 bipolensibus,
548 772 630 842 item
655 767 843 862 Rudegero
871 773 990 866 priore
1023 772 1057 840 iu
1084 765 1269 860 llamberg,
1296 767 1464 859 Ruggero
1489 760 1646 850 custode,

259 872 418 945 Gunrado
446 872 658 956 camerario,
699 866 826 940 Siirido
854 881 1017 958 cantore,
1058 865 1221 939 Heinrico
1249 865 1452 954 sacerdote,
1489 862 1646 935 Jobanne

260 973 459 1060 cellerario,
483 969 672 1062 Rudegero
699 967 741 1038 de
768 967 1070 1063 Braggenwanch,
1097 965 1303 1040 Volknando
1333 965 1375 1038 de
1399 963 1504 1050 Roto,
1529 962 1647 1035 Bern-

259 1094 350 1167 gero
374 1072 417 1143 de
442 1069 691 1164 Hsigemberg,
717 1067 917 1159 Wolkdno,
946 1067 1084 1142 Seirido
1112 1066 1201 1139 dicto
1219 1065 1436 1160 ,Rokenueln
1462 1061 1645 1134 Waltbero

259 1172 348 1244 dicto
376 1170 520 1258 Sieder,
546 1167 721 1240 monachis
748 1167 991 1265 deliumberg,
1019 1180 1054 1242 et
1080 1167 1155 1240 aliis
1183 1189 1280 1263 quam
1306 1165 1458 1264 plurbus
1488 1161 1645 1236 adbibit'm

259 1271 404 1346 testibus
425 1269 621 1364 fidedignis.

469 1452 652 1536 Appendcut
671 1457 727 1516 tria
755 1453 863 1539 sigillo.

828 1924 1089 1998 GDLXXXXV.

751 2127 840 2190 Anno
862 2119 968 2206 1287,
995 2122 1043 2186 15.
1066 2123 1155 2188 Junii.
1184 2169 1188 2186 .

258 2287 436 2386 Sententia
449 2309 586 2406 capituli
596 2307 850 2407 herbipolensis
877 2312 912 2381 in
925 2308 1147 2382 dissensione
1165 2313 1254 2399 inter
1262 2303 1483 2386 Bertholdum
1499 2311 1645 2404 episco-

247 2434 335 2508 pum
372 2433 417 2483 ex
451 2433 518 2484 una
557 2421 591 2482 et
619 2409 813 2484 conradum
850 2409 891 2481 dc
916 2408 1125 2500 Hohiulocb,
1151 2412 1383 2505 praepositum
1408 2404 1446 2478 S.
1479 2407 1645 2482 lobannis

258 2515 294 2586 in
318 2511 455 2604 Houge,
491 2520 527 2584 et
562 2511 745 2606 capitulum
780 2509 904 2682 ivbiilpppr
915 2519 1123 2682 tubbenbbrrb
1151 2509 1260 2582 altera
1295 2531 1398 2605 super
1427 2507 1647 2600 juridictione

261 2787 266 2794 '
298 2845 302 2856 ,
358 2775 431 2851 Nos
470 2777 766 2876 Manegoldus
816 2781 1013 2876 prepositus
1062 2787 1236 2873 totumque
1273 2777 1454 2874 capitulum
1493 2775 1646 2851 ecclesie

252 2877 512 2974 herbipolensis
540 2889 664 2951 tenore
690 2883 900 2976 presentium
927 2883 1213 2973 recognoscimus
1239 2879 1428 2968 uniuersis,
1464 2887 1531 2948 tam
1558 2900 1646 2974 pre-

260 2975 439 3068 sentibus,
477 2999 577 3072 quam
614 2979 756 3070 suturis,
798 2977 888 3074 quod
928 2981 1017 3050 inter
1055 2975 1290 3050 venerabilem
1315 2987 1446 3074 patrem
1475 2975 1648 3050 dominum

259 3073 571 3167 Bertholdum,
613 3089 768 3150 nostrum
809 3081 1008 3173 episcopum
1048 3100 1094 3149 ex
1127 3098 1195 3149 una
1232 3089 1266 3150 et
1300 3073 1522 3150 honorabiles
1548 3079 1647 3152 viros

261 3173 505 3248 conradum
546 3173 588 3248 de
610 3177 893 3268 Hohinloch,
926 3181 1136 3273 prepositum
1165 3177 1316 3250 ecclesie
1343 3180 1453 3250 sancti
1478 3173 1645 3250 Johauuis

259 3279 294 3346 in
320 3272 491 3370 Houge,
530 3285 564 3347 et
591 3275 770 3374 capitulum
804 3275 929 3349 ibidem
956 3289 1125 3374 exparte
1152 3279 1260 3350 altera
1295 3299 1399 3374 super
1428 3276 1648 3372 juridictione

261 3370 616 3450 uilleRotendcrl
623 3377 795 3451 cuiusdam
806 3373 1032 3451 dissensionis
1042 3381 1184 3450 materia
1197 3381 1360 3452 suscitata
1378 3376 1514 3449 tandem
1524 3375 1648 3450 eedem

260 3485 376 3570 partes
391 3496 494 3570 snper
507 3475 728 3550 dissensione
742 3477 934 3550 huiusmodi
946 3479 980 3549 in
997 3501 1061 3552 nos
1075 3481 1353 3576 compromittere
1370 3486 1577 3549 curaverunt
1588 3479 1647 3570 ita,

262 3583 300 3646 ut
315 3575 442 3668 singuli
457 3585 625 3667 nostrum,
642 3577 763 3650 auditis
778 3577 857 3648 hinc
874 3588 909 3650 et
921 3577 1000 3648 iude
1024 3579 1066 3650 de
1081 3583 1156 3674 ipsa
1172 3578 1390 3652 dissensione
1402 3576 1648 3673 proponendis,

262 3692 366 3770 super
391 3673 791 3750 nostramobedientiam
820 3699 922 3772 super
951 3675 1071 3750 eadem
1086 3679 1303 3752 dissensione
1319 3677 1494 3774 requisiti,
1519 3675 1648 3748 babere

262 3769 464 3848 deberemus
478 3779 713 3850 auctoritatem
725 3779 913 3874 plenariam
929 3779 1038 3874 ipsam
1049 3777 1301 3851 dissensionem
1313 3781 1447 3876 penitus
1458 3773 1648 3868 decidendi,

143 3871 146 3880 '
261 3875 498 3975 promittentes
527 3885 561 3949 et
591 3880 823 3970 astringentes
851 3897 890 3948 se
915 3881 1045 3950 nostris
1074 3875 1171 3950 dictis
1200 3900 1302 3974 super
1328 3883 1402 3976 ipso
1428 3878 1647 3950 dissensione

262 3973 519 4139 promulgandis
533 3975 810 4048 irrevocabiliter
827 3979 1006 4071 parituras.
1033 3973 1105 4048 Nos
1119 3967 1232 4074 itaque
1253 3982 1286 4050 in
1300 3983 1474 4076 presentia
1490 3975 1646 4050 bonora-

285 4068 379 4142 ilium
404 4075 557 4146 virorum
578 4069 806 4148 Waltheri
832 4075 952 4148 decani
979 4083 1013 4146 et
1029 4079 1164 4173 capituli
1189 4082 1271 4149 noui
1287 4077 1499 4167 monasterii,
1526 4075 1645 4148 auditis
