3776 4730
628 415 846 518 episcopatus
873 405 1168 518 suiunilurgensis.

849 733 926 808 un).

694 923 911 1014 nnuc-1276„
934 931 963 999 6.
987 935 1094 1002 llamil.

194 1117 236 1192 R.
264 1121 307 1194 de
333 1120 518 1195 llumlneim
545 1119 765 1205 scolasticus,
793 1131 828 1192 el.
853 1123 914 1192 Aa.
943 1122 986 1193 (lo
1014 1116 1228 1220 Spicnshcim
1259 1131 1397 1212 camos,
1425 1125 1581 1195 canonici

194 1219 480 1318 herbipolensem
518 1245 538 1292 a
564 1225 799 1293 concanonico
827 1213 1026 1296 chnlneao
1053 1223 1096 1295 da
1123 1222 1377 1318 launculam,
1406 1223 1580 1296 archidia-

195 1343 297 1414 cono,
325 1327 380 1417 qui
406 1322 451 1394 de
475 1341 649 1393 consensu
675 1325 779 1392 lolius
814 1323 951 1418 capituli
987 1323 1181 1413 oblationes
1207 1343 1289 1396 suas
1323 1327 1356 1396 in
1384 1323 1518 1396 llolslal
1546 1335 1582 1396 ot

193 1425 227 1494 in
254 1423 436 1495 Sulcevell
468 1421 640 1510 vendidit,
679 1420 988 1495 fideicommissarii
1014 1426 1213 1514 constituti,
1250 1443 1313 1518 pro
1346 1427 1423 1518 ipso
1459 1447 1499 1496 se
1537 1424 1580 1496 ad

192 1546 358 1598 canonem
385 1522 464 1595 inda
491 1522 694 1596 solvendum
721 1545 761 1594 se
788 1520 952 1613 obligant,
978 1525 1008 1596 si
1029 1525 1275 1620 infraqualuon
1291 1545 1400 1597 annos
1417 1523 1579 1597 decedat.
1698 1601 1703 1622 Ι

288 1695 363 1769 Nos
389 1696 430 1768 ll.
460 1693 502 1766 da
527 1691 767 1766 Hunnheim
794 1693 1026 1787 scolasticus,
1065 1707 1099 1767 cl
1124 1697 1193 1769 Ar.
1221 1695 1264 1766 de
1290 1693 1578 1791 Spiaashcim

193 1806 337 1887 custos,
386 1798 542 1868 canonici
581 1793 871 1890 herbipolenses„
913 1800 1199 1890 recognoscimus
1240 1799 1393 1891 prasenti
1437 1799 1579 1892 sculpto,

189 1897 325 1992 publice
352 1894 588 1992 protestando,
616 1894 725 1989 quod,
752 1917 826 1968 cum
852 1893 997 1970 dilectus
1033 1907 1155 1970 noslca
1181 1899 1435 1968 concanonicus
1462 1893 1575 1969 Wan.

191 1996 233 2068 dc
259 1996 562 2087 Tanncnbeng
586 1995 845 2068 archidiaconus
874 1995 1087 2070 vendidisset
1113 1997 1156 2070 dc
1183 2017 1355 2068 consensu
1383 2007 1419 2067 cl
1444 1995 1576 2069 uolane

188 2105 259 2170 tate
284 2101 395 2170 locius
423 2095 558 2192 capituli
585 2099 695 2168 nostri
722 2097 924 2170 oblaciones
953 2119 1033 2170 suas
1062 2103 1093 2170 in
1120 2097 1313 2169 llolslal
1349 2107 1384 2168 cl
1411 2100 1443 2168 in
1461 2096 1577 2169 ·Snl-

190 2195 349 2269 ceucll
373 2201 431 2285 ila,
458 2195 548 2291 quod
573 2193 617 2266 dc
642 2216 789 2284 maone,
815 2200 870 2290 qui
896 2195 939 2268 de
966 2197 1096 2272 eisdem
1124 2196 1360 2270 oblacionibus
1392 2193 1508 2286 datan,
1535 2199 1576 2269 ad

189 2301 299 2394 ipsum
325 2307 505 2392 respeclus
532 2295 697 2366 habeatur
723 2308 851 2367 elnon
887 2297 927 2366 ad
956 2309 1154 2392 emptorem.
1207 2295 1285 2391 lpse
1324 2319 1411 2367 veno
1450 2298 1575 2374 volens

187 2399 421 2494 mdempnilali
448 2394 584 2491 capituli
611 2395 794 2490 prouidere
832 2417 897 2468 nos
925 2417 1008 2470 suos
1036 2400 1212 2471 constituit
1236 2395 1575 2489 fidecommissanios‚

187 2509 226 2571 al
252 2501 282 2572 si
309 2497 422 2570 medio
449 2507 604 2590 tempora
631 2494 730 2567 cauae
756 2495 814 2566 vel
841 2493 984 2567 decedat
1017 2499 1104 2568 inim
1130 2498 1273 2594 qualemn
1299 2513 1409 2570 annos
1435 2517 1454 2567 a
1480 2497 1572 2570 lcsto

188 2603 298 2672 sancti
323 2597 458 2670 lllantini
481 2598 642 2692 proxime
668 2593 923 2684 numerandos,
962 2597 1052 2690 quod
1084 2595 1276 2671 huiusmodi
1315 2615 1483 2668 concnam
1510 2615 1573 2692 pro

188 2703 263 2797 ipso
290 2699 478 2772 soluamus.
531 2695 586 2768 Ad
614 2699 709 2767 cuins
736 2698 879 2768 canonis
907 2695 1122 2770 solucionem
1156 2707 1191 2768 cl
1217 2694 1259 2767 ad
1285 2695 1572 2772 obsonuacionem

185 2800 300 2874 forme
325 2816 388 2894 pao
415 2797 506 2869 ‹iiclo
532 2817 667 2868 canooe
691 2795 805 2885 laclc‚
832 2799 861 2867 si
889 2796 976 2868 inira
1002 2797 1189 2894 predictum
1215 2800 1393 2869 terminum
1425 2801 1574 2896 cesserit

185 2901 246 2974 vel
271 2901 484 2988 decesserit,
521 2917 586 2970 nos
615 2897 805 2991 caligamus
840 2891 972 2970 lillcaa's
998 2921 1060 2994 peu
1086 2907 1280 2995 presentes.
1332 2896 1369 2970 ln
1398 2901 1498 2972 cuius
1520 2903 1571 2970 nai

192 3004 423 3078 testimoninm
449 3019 572 3093 preses
599 3000 758 3093 scriplum
793 2998 985 3090 sigillorum
1020 3011 1216 3072 nostrorum
1251 3001 1433 3070 munimine
1460 2998 1571 3071 cobo-

186 3123 312 3176 uamus.
365 3102 487 3172 Dalmn
512 3109 548 3170 ol
575 3109 684 3170 acaum
712 3117 800 3170 anno
828 3098 953 3171 domini
977 3099 1243 3190 MCGLXXVl.‚
1277 3091 1368 3172 lenia·
1397 3099 1453 3172 Vl.
1491 3111 1571 3174 anic

187 3203 389 3277 dominicam
416 3200 509 3273 oculi
534 3202 613 3270 mei.
1228 3245 1230 3252 -
1450 3232 1474 3250 .,

394 3399 572 3483 Appcndcnl
593 3397 653 3462 duo
675 3399 772 3483 sigilla
794 3398 874 3462 bone
894 3406 1084 3464 conservata.
