3794 4722
586 457 803 549 episcopatus
828 454 1124 549 wirciburgensis.
1494 461 1543 537 to

155 660 212 731 alii
240 658 285 730 de
311 660 449 732 ciuitate
473 653 769 748 wiroebmgensi‚
802 656 963 730 rtilelioet
994 658 1211 732 Bernhardus
1244 659 1396 748 Parnes,
1432 657 1543 732 Hart-

154 780 301 835 ntnnnus
327 756 417 830 lilius
444 754 628 846 Gerboltli,
651 754 835 830 Bertoldus
861 755 949 828 lilius
976 755 1153 846 Loherici,
1177 757 1392 832 Burohardus
1418 757 1543 849 Albus,

154 857 355 935 Richelmus
380 858 515 930 iuuenis
541 854 630 928 lilius
654 853 835 947 uneheim,
864 855 995 928 Gemot
1018 856 1108 932 filius
1133 859 1333 932 Drutmanni
1360 856 1402 928 de
1424 857 1542 930 Bron-

156 956 386 1045 uoldesheim
412 953 617 1028 Godelridus
635 953 813 1046 'Scinluar‚
838 955 1007 1030 llenricus
1034 956 1077 1028 de
1103 957 1334 1046 lnlresinluam
1359 955 1541 1031 Heinricus

155 1055 443 1152 Soimpelomeus‚
469 1051 658 1144 maratus
684 1053 854 1128 Henricus
881 1058 937 1149 qui
963 1055 1083 1128 (licitur
1109 1055 1302 1153 Saepiman.

255 1169 349 1244 Acta
375 1181 452 1244 sunt
477 1169 540 1262 hec
573 1191 662 1243 anno
689 1170 855 1262 dominice
872 1174 1116 1248 incarnationis
1134 1174 1194 1246 ll0·
1222 1173 1278 1246 0⁰·
1302 1171 1456 1264 ivilla,
1481 1175 1542 1245 in·-

157 1271 309 1390 ‹lictione
328 1269 394 1390 ‚VI'
418 1279 590 1364 regnante
615 1270 871 1364 gloriosissimo
897 1273 1106 1366 imperatore
1131 1273 1321 1366 l'riderico⁷
1346 1271 1443 1348 luins
1468 1295 1542 1346 no·-

156 1393 258 1444 mmrs
282 1391 407 1467 primo.

369 1519 505 1603 Sigillum
512 1517 637 1582 Arnoldi
647 1523 828 1602 impressum
836 1520 995 1584 concordat
1010 1521 1135 1584 camillo
1147 1523 1357 1604 praecedentis
1365 1523 1540 1605 diplomatis.

808 1909 890 1984 Olli.

743 2099 831 2160 Anno
861 2091 952 2161 1161.

154 2271 337 2346 Heinricns
353 2269 705 2362 Wernebnrgensium
721 2273 906 2366 episcopus
925 2271 1171 2362 concambium,
1198 2291 1265 2366 quo
1291 2271 1472 2346 Heinricus
1499 2275 1543 2350 tle

154 2371 365 2469 llynneberc
389 2371 503 2444 locum
528 2370 647 2444 llusea
674 2373 854 2464 acquisivit
880 2370 922 2442 alr
947 2367 1102 2444 Ebrardo
1139 2374 1305 2466 episcopo
1342 2370 1541 2444 babenber-

155 2475 259 2570 gensi
282 2493 346 2568 pro
372 2469 500 2544 duabus
526 2470 620 2544 villis
643 2469 789 2566 Heytlen
816 2480 850 2542 et
874 2468 1114 2564 Hyrcemlorf,
1147 2480 1183 2542 et
1207 2468 1423 2542 traditionem
1457 2493 1539 2542 mo-

153 2576 299 2650 nasterii
322 2569 629 2646 sanctimonialium
663 2573 699 2644 in
730 2568 798 2643 lroc
828 2569 910 2642 loco
946 2568 988 2640 ab
1015 2569 1138 2644 eodem
1162 2569 1326 2642 Heinrico
1353 2573 1541 2644 constructi

156 2672 199 2746 url
222 2672 333 2746 altaro
357 2669 390 2742 la.
405 2667 543 2766 Kylirni
557 2671 706 2742 martiris
732 2689 925 2764 permeans
940 2667 1093 2742 Heinrici
1119 2678 1154 2742 et
1167 2668 1342 2764 llopponis
1359 2667 1402 2741 de
1422 2669 1541 2742 Trim-
1614 2701 1617 2708 ’

616 2768 702 2842 lrerc
725 2767 862 2858 luctam,
888 2766 1075 2842 confirmat.

258 2925 297 2998 Ο.
349 2925 393 2998 Jn
417 2927 557 2998 nomine
584 2933 700 3015 sancte
730 2932 765 2994 et
789 2919 958 3016 indiuiduo
991 2924 1161 2996 trinitatis.
1213 2921 1459 2996 Heinrions
1487 2921 1541 2994 dei

155 3029 274 3124 gracia
299 3025 654 3120 Weruebnrgensium
692 3025 876 3120 episcopus
905 3019 1059 3094 omnibus
1088 3021 1271 3094 christiane
1310 3019 1540 3118 professionis

154 3126 347 3202 hominihus
375 3125 518 3198 salutem
547 3133 581 3195 et
607 3119 731 3218 gaudia
756 3129 876 3194 eterne
902 3119 1134 3195 retributionis
1166 3124 1332 3216 consequi
1369 3123 1404 3192 in
1438 3121 1539 3194 cele-

156 3226 277 3301 stibus.
311 3225 366 3298 Ex
392 3223 648 3320 dispensatione
661 3221 760 3294 nobis
778 3219 935 3294 diuinitus
949 3221 1077 3292 credita
1090 3231 1245 3294 nostrum
1261 3230 1328 3309 est,
1353 3221 1538 3314 religiosas

155 3325 279 3399 domos
317 3335 351 3396 et
409 3325 549 3419 recipue
581 3325 618 3394 in
643 3321 831 3392 humilitate
870 3341 932 3392 sue
958 3323 1165 3416 paupertatis
1200 3319 1359 3392 nouellas
1385 3319 1541 3392 exaltare

155 3437 191 3499 et
216 3423 329 3498 debita
357 3347 531 3517 diligentia
558 3443 695 3516 semper
720 3422 755 3492 in
780 3417 903 3492 melius
929 3441 1146 3514 promouere.
1185 3417 1229 3490 Et
1243 3429 1280 3489 nt
1295 3417 1540 3495 firmamentum

154 3525 391 3622 perpetuitatis
417 3527 450 3594 ia
477 3523 548 3595 suis
572 3517 677 3592 rebus
705 3530 740 3591 et
764 3517 1046 3614 possessionibus
1074 3517 1269 3607 obtineant,
1304 3520 1540 3590 necessarium

156 3635 210 3697 est
236 3646 300 3720 per
324 3622 506 3720 priuilegia
532 3630 567 3692 at
593 3622 719 3714 scripta
742 3627 861 3694 nostra
888 3617 1003 3708 bona,
1037 3640 1103 3712 que
1136 3621 1225 3690 iusto
1253 3615 1363 3711 tytulo
1390 3625 1424 3686 et
1449 3615 1540 3688 bona

155 3723 222 3796 fide
250 3725 529 3818 conquesierunt,
555 3727 675 3792 contra
701 3717 968 3812 calumpniantes
995 3726 1031 3788 et
1057 3727 1176 3789 contra
1201 3718 1356 3786 actiones
1372 3713 1540 3786 malorum

156 3823 342 3913 hominum,
366 3843 438 3896 non
464 3841 526 3893 sna
552 3818 615 3892 sed
629 3817 745 3889 aliena¹
756 3820 979 3912 querentium,
1004 3819 1210 3912 premunire.
1249 3812 1412 3886 Omnibus
1426 3816 1541 3910 itaque

156 3933 275 3996 notum
302 3943 382 3995 osse
407 3921 579 4008 uolumus,
606 3917 750 4011 qualiter
776 3915 908 4011 quidam
933 3915 1181 3987 Heinricns
1209 3913 1252 3984 de
1268 3913 1540 4008 Hynnelterc

157 4021 285 4113 locum,
312 4025 367 4117 qui
391 4019 544 4093 llusen
569 4016 702 4106 dicitur,
729 4038 804 4086 cum
832 4019 902 4088 suis
929 4014 1056 4109 prediis
1084 4023 1118 4085 et
1145 4012 1301 4085 omnibns
1327 4015 1539 4107 pertinentiis
