<?xml version="1.0" encoding="UTF-8"?>
<!DOCTYPE html PUBLIC "-//W3C//DTD XHTML 1.0 Transitional//EN"
    "http://www.w3.org/TR/xhtml1/DTD/xhtml1-transitional.dtd">
<html xmlns="http://www.w3.org/1999/xhtml" xml:lang="en" lang="en">
 <head>
  <title>
</title>
<meta http-equiv="Content-Type" content="text/html;charset=utf-8" />
  <meta name='ocr-system' content='tesseract 3.04.00' />
  <meta name='ocr-capabilities' content='ocr_page ocr_carea ocr_par ocr_line ocrx_word'/>
</head>
<body>
  <div class='ocr_page' id='page_1' title='image "./monumentaboica00karagoog_0597.png"; bbox 0 0 3838 4728; ppageno 0'>
   <div class='ocr_carea' id='block_1_1' title="bbox 654 447 1723 552">
    <p class='ocr_par' dir='ltr' id='par_1_1' title="bbox 654 447 1723 552">
     <span class='ocr_line' id='line_1_1' title="bbox 654 447 1723 552; baseline -0.002 -22"><span class='ocrx_word' id='word_1_1' title='bbox 654 450 874 552; x_wconf 84' lang='lat' dir='ltr'><strong>episeopntur</strong></span> <span class='ocrx_word' id='word_1_2' title='bbox 898 447 1194 550; x_wconf 64' lang='lat' dir='ltr'><strong>airfflnrgensis.</strong></span> <span class='ocrx_word' id='word_1_3' title='bbox 1527 447 1612 528; x_wconf 67' lang='grc' dir='ltr'><strong>’Μ</strong></span> <span class='ocrx_word' id='word_1_4' title='bbox 1721 489 1723 494; x_wconf 91' lang='grc'><strong><em>·</em></strong></span> 
     </span>
    </p>
   </div>
   <div class='ocr_carea' id='block_1_2' title="bbox 228 649 1611 931">
    <p class='ocr_par' dir='ltr' id='par_1_2' title="bbox 228 649 1611 931">
     <span class='ocr_line' id='line_1_2' title="bbox 230 649 1610 752; baseline -0.001 -21"><span class='ocrx_word' id='word_1_5' title='bbox 230 649 681 750; x_wconf 52' lang='lat' dir='ltr'><strong>enuntiaremus,</strong></span> <span class='ocrx_word' id='word_1_6' title='bbox 706 653 1090 752; x_wconf 80' lang='lat' dir='ltr'><strong>qneadiiiospredinu&#39;</strong></span> <span class='ocrx_word' id='word_1_7' title='bbox 1113 649 1314 730; x_wconf 77' lang='lat' dir='ltr'><strong>Conradi</strong></span> <span class='ocrx_word' id='word_1_8' title='bbox 1338 649 1384 730; x_wconf 89' lang='lat' dir='ltr'><strong>de</strong></span> <span class='ocrx_word' id='word_1_9' title='bbox 1406 649 1610 730; x_wconf 79' lang='lat' dir='ltr'><strong>nonies-</strong></span> 
     </span>
     <span class='ocr_line' id='line_1_3' title="bbox 228 746 1611 931; baseline -0.001 -103"><span class='ocrx_word' id='word_1_10' title='bbox 228 775 342 931; x_wconf 44' lang='grc' dir='ltr'><strong>δεῖς</strong></span> <span class='ocrx_word' id='word_1_11' title='bbox 365 751 555 830; x_wconf 68' lang='lat' dir='ltr'><strong>dinoscitur</strong></span> <span class='ocrx_word' id='word_1_12' title='bbox 575 757 764 850; x_wconf 86' lang='lat' dir='ltr'><strong>pertinere,</strong></span> <span class='ocrx_word' id='word_1_13' title='bbox 788 753 940 832; x_wconf 88' lang='lat' dir='ltr'><strong>vobiset</strong></span> <span class='ocrx_word' id='word_1_14' title='bbox 963 755 1188 854; x_wconf 84' lang='lat' dir='ltr'><strong>hospitali</strong></span> <span class='ocrx_word' id='word_1_15' title='bbox 1212 755 1367 832; x_wconf 82' lang='lat' dir='ltr'><strong>saneti</strong></span> <span class='ocrx_word' id='word_1_16' title='bbox 1391 746 1611 872; x_wconf 69' lang='lat' dir='ltr'><strong>lobannis</strong></span> 
     </span>
    </p>
   </div>
   <div class='ocr_carea' id='block_1_3' title="bbox 227 852 1770 4164">
    <p class='ocr_par' dir='ltr' id='par_1_3' title="bbox 227 852 1770 4164">
     <span class='ocr_line' id='line_1_4' title="bbox 292 852 1609 954; baseline -0.002 -23"><span class='ocrx_word' id='word_1_17' title='bbox 292 857 300 874; x_wconf 77' lang='lat'><strong>⁹</strong></span> <span class='ocrx_word' id='word_1_18' title='bbox 346 857 457 930; x_wconf 77' lang='lat' dir='ltr'><strong>nostri</strong></span> <span class='ocrx_word' id='word_1_19' title='bbox 488 852 532 928; x_wconf 93' lang='lat' dir='ltr'><strong>de</strong></span> <span class='ocrx_word' id='word_1_20' title='bbox 570 855 750 930; x_wconf 81' lang='lat' dir='ltr'><strong>voluntate</strong></span> <span class='ocrx_word' id='word_1_21' title='bbox 783 857 920 954; x_wconf 89' lang='lat' dir='ltr'><strong>oapituli</strong></span> <span class='ocrx_word' id='word_1_22' title='bbox 946 867 982 930; x_wconf 95' lang='lat' dir='ltr'><strong>et</strong></span> <span class='ocrx_word' id='word_1_23' title='bbox 1006 877 1176 944; x_wconf 80' lang='lat' dir='ltr'><strong>assensn3</strong></span> <span class='ocrx_word' id='word_1_24' title='bbox 1212 875 1334 930; x_wconf 72' lang='lat' dir='ltr'><strong>verm</strong></span> <span class='ocrx_word' id='word_1_25' title='bbox 1372 855 1451 949; x_wconf 83' lang='lat' dir='ltr'><strong>qnia</strong></span> <span class='ocrx_word' id='word_1_26' title='bbox 1486 853 1609 950; x_wconf 82' lang='lat' dir='ltr'><strong>preintr</strong></span> 
     </span>
     <span class='ocr_line' id='line_1_5' title="bbox 229 951 1611 1054; baseline -0.003 -24"><span class='ocrx_word' id='word_1_27' title='bbox 229 955 334 1030; x_wconf 84' lang='lat' dir='ltr'><strong>eastri</strong></span> <span class='ocrx_word' id='word_1_28' title='bbox 360 951 665 1050; x_wconf 80' lang='lat' dir='ltr'><strong>Sweineberg</strong></span> <span class='ocrx_word' id='word_1_29' title='bbox 689 960 883 1054; x_wconf 69' lang='lat' dir='ltr'><strong>proprietas</strong></span> <span class='ocrx_word' id='word_1_30' title='bbox 907 959 943 1030; x_wconf 93' lang='lat' dir='ltr'><strong>in</strong></span> <span class='ocrx_word' id='word_1_31' title='bbox 968 957 1154 1034; x_wconf 78' lang='lat' dir='ltr'><strong>eeclesiam</strong></span> <span class='ocrx_word' id='word_1_32' title='bbox 1168 965 1321 1030; x_wconf 87' lang='lat' dir='ltr'><strong>nostram</strong></span> <span class='ocrx_word' id='word_1_33' title='bbox 1336 954 1517 1030; x_wconf 74' lang='lat' dir='ltr'><strong>bansierri</strong></span> <span class='ocrx_word' id='word_1_34' title='bbox 1540 975 1611 1028; x_wconf 87' lang='lat' dir='ltr'><strong>non</strong></span> 
     </span>
     <span class='ocr_line' id='line_1_6' title="bbox 227 1053 1612 1154; baseline -0.002 -24"><span class='ocrx_word' id='word_1_35' title='bbox 227 1063 346 1154; x_wconf 87' lang='lat' dir='ltr'><strong>potest</strong></span> <span class='ocrx_word' id='word_1_36' title='bbox 368 1053 576 1152; x_wconf 73' lang='lat' dir='ltr'><strong>impediente</strong></span> <span class='ocrx_word' id='word_1_37' title='bbox 615 1060 740 1132; x_wconf 85' lang='lat' dir='ltr'><strong>minori</strong></span> <span class='ocrx_word' id='word_1_38' title='bbox 769 1067 861 1132; x_wconf 90' lang='lat' dir='ltr'><strong>etate</strong></span> <span class='ocrx_word' id='word_1_39' title='bbox 885 1055 1070 1154; x_wconf 77' lang='lat' dir='ltr'><strong>supradicti</strong></span> <span class='ocrx_word' id='word_1_40' title='bbox 1096 1055 1293 1132; x_wconf 76' lang='lat' dir='ltr'><strong>conradi</strong></span> <span class='ocrx_word' id='word_1_41' title='bbox 1331 1053 1375 1128; x_wconf 91' lang='lat' dir='ltr'><strong>de</strong></span> <span class='ocrx_word' id='word_1_42' title='bbox 1406 1053 1612 1130; x_wconf 61' lang='lat' dir='ltr'><strong>Borkeos·</strong></span> 
     </span>
     <span class='ocr_line' id='line_1_7' title="bbox 227 1153 1615 1356; baseline 0 -28"><span class='ocrx_word' id='word_1_43' title='bbox 227 1153 443 1348; x_wconf 56' lang='lat' dir='ltr'><strong>taisi</strong></span> <span class='ocrx_word' id='word_1_44' title='bbox 466 1153 1615 1356; x_wconf 46' lang='lat' dir='ltr'><strong>mittimini,stistttttttbtfflit</strong></span> 
     </span>
     <span class='ocr_line' id='line_1_8' title="bbox 230 1353 1614 1454; baseline -0.001 -24"><span class='ocrx_word' id='word_1_45' title='bbox 230 1353 438 1432; x_wconf 81' lang='lat' dir='ltr'><strong>Conrado</strong></span> <span class='ocrx_word' id='word_1_46' title='bbox 464 1353 536 1430; x_wconf 77' lang='lat' dir='ltr'><strong>{ilio</strong></span> <span class='ocrx_word' id='word_1_47' title='bbox 564 1379 629 1434; x_wconf 89' lang='lat' dir='ltr'><strong>sno</strong></span> <span class='ocrx_word' id='word_1_48' title='bbox 654 1361 900 1454; x_wconf 81' lang='lat' dir='ltr'><strong>proprietatem</strong></span> <span class='ocrx_word' id='word_1_49' title='bbox 924 1362 1029 1432; x_wconf 72' lang='lat' dir='ltr'><strong>deebi</strong></span> <span class='ocrx_word' id='word_1_50' title='bbox 1065 1361 1119 1434; x_wconf 88' lang='lat' dir='ltr'><strong>sni</strong></span> <span class='ocrx_word' id='word_1_51' title='bbox 1155 1353 1503 1432; x_wconf 84' lang='lat' dir='ltr'><strong>bieebteneeke</strong></span> <span class='ocrx_word' id='word_1_52' title='bbox 1536 1375 1614 1428; x_wconf 85' lang='lat' dir='ltr'><strong>enm</strong></span> 
     </span>
     <span class='ocr_line' id='line_1_9' title="bbox 229 1455 1613 1556; baseline -0.005 -23"><span class='ocrx_word' id='word_1_53' title='bbox 229 1459 303 1533; x_wconf 84' lang='lat' dir='ltr'><strong>suis</strong></span> <span class='ocrx_word' id='word_1_54' title='bbox 327 1459 542 1556; x_wconf 84' lang='lat' dir='ltr'><strong>pertinentiis</strong></span> <span class='ocrx_word' id='word_1_55' title='bbox 566 1455 667 1532; x_wconf 91' lang='lat' dir='ltr'><strong>nobis</strong></span> <span class='ocrx_word' id='word_1_56' title='bbox 693 1468 729 1532; x_wconf 90' lang='lat' dir='ltr'><strong>et</strong></span> <span class='ocrx_word' id='word_1_57' title='bbox 753 1459 907 1532; x_wconf 87' lang='lat' dir='ltr'><strong>eeoiesie</strong></span> <span class='ocrx_word' id='word_1_58' title='bbox 935 1467 1057 1534; x_wconf 70' lang='lat' dir='ltr'><strong>nosne</strong></span> <span class='ocrx_word' id='word_1_59' title='bbox 1082 1457 1224 1532; x_wconf 86' lang='lat' dir='ltr'><strong>donavit</strong></span> <span class='ocrx_word' id='word_1_60' title='bbox 1248 1467 1284 1530; x_wconf 91' lang='lat' dir='ltr'><strong>et</strong></span> <span class='ocrx_word' id='word_1_61' title='bbox 1308 1478 1329 1529; x_wconf 91' lang='lat' dir='ltr'><strong>a</strong></span> <span class='ocrx_word' id='word_1_62' title='bbox 1354 1455 1455 1530; x_wconf 88' lang='lat' dir='ltr'><strong>nobis</strong></span> <span class='ocrx_word' id='word_1_63' title='bbox 1480 1457 1613 1550; x_wconf 71' lang='lat' dir='ltr'><strong>recepit</strong></span> 
     </span>
     <span class='ocr_line' id='line_1_10' title="bbox 229 1553 1612 1655; baseline -0.001 -23"><span class='ocrx_word' id='word_1_64' title='bbox 229 1555 330 1636; x_wconf 87' lang='lat' dir='ltr'><strong>titulo</strong></span> <span class='ocrx_word' id='word_1_65' title='bbox 353 1555 507 1650; x_wconf 74' lang='lat' dir='ltr'><strong>feodali,</strong></span> <span class='ocrx_word' id='word_1_66' title='bbox 546 1561 594 1630; x_wconf 89' lang='lat' dir='ltr'><strong>ita</strong></span> <span class='ocrx_word' id='word_1_67' title='bbox 617 1581 725 1651; x_wconf 87' lang='lat' dir='ltr'><strong>sane,</strong></span> <span class='ocrx_word' id='word_1_68' title='bbox 761 1557 865 1654; x_wconf 86' lang='lat' dir='ltr'><strong>qued,</strong></span> <span class='ocrx_word' id='word_1_69' title='bbox 890 1569 1070 1655; x_wconf 71' lang='lat' dir='ltr'><strong>postquam</strong></span> <span class='ocrx_word' id='word_1_70' title='bbox 1095 1558 1205 1634; x_wconf 83' lang='lat' dir='ltr'><strong>diobrs</strong></span> <span class='ocrx_word' id='word_1_71' title='bbox 1232 1555 1485 1648; x_wconf 79' lang='lat' dir='ltr'><strong>conradus,</strong></span> <span class='ocrx_word' id='word_1_72' title='bbox 1522 1553 1612 1630; x_wconf 79' lang='lat' dir='ltr'><strong>tibine</strong></span> 
     </span>
     <span class='ocr_line' id='line_1_11' title="bbox 230 1649 1614 1756; baseline -0.003 -24"><span class='ocrx_word' id='word_1_73' title='bbox 230 1655 400 1756; x_wconf 77' lang='lat' dir='ltr'><strong>quondum</strong></span> <span class='ocrx_word' id='word_1_74' title='bbox 427 1653 627 1732; x_wconf 75' lang='lat' dir='ltr'><strong>conradi</strong></span> <span class='ocrx_word' id='word_1_75' title='bbox 651 1657 695 1732; x_wconf 92' lang='lat' dir='ltr'><strong>de</strong></span> <span class='ocrx_word' id='word_1_76' title='bbox 720 1657 1042 1756; x_wconf 77' lang='lat' dir='ltr'><strong>boekesperg,</strong></span> <span class='ocrx_word' id='word_1_77' title='bbox 1067 1657 1111 1732; x_wconf 93' lang='lat' dir='ltr'><strong>ad</strong></span> <span class='ocrx_word' id='word_1_78' title='bbox 1136 1679 1247 1732; x_wconf 88' lang='lat' dir='ltr'><strong>annos</strong></span> <span class='ocrx_word' id='word_1_79' title='bbox 1266 1649 1455 1750; x_wconf 76' lang='lat' dir='ltr'><strong>legittimus</strong></span> <span class='ocrx_word' id='word_1_80' title='bbox 1481 1677 1614 1753; x_wconf 75' lang='lat' dir='ltr'><strong>perua-</strong></span> 
     </span>
     <span class='ocr_line' id='line_1_12' title="bbox 229 1755 1616 1858; baseline -0.002 -26"><span class='ocrx_word' id='word_1_81' title='bbox 229 1761 331 1834; x_wconf 89' lang='lat' dir='ltr'><strong>uieus</strong></span> <span class='ocrx_word' id='word_1_82' title='bbox 355 1757 415 1832; x_wconf 87' lang='lat' dir='ltr'><strong>uel</strong></span> <span class='ocrx_word' id='word_1_83' title='bbox 440 1757 710 1853; x_wconf 76' lang='lat' dir='ltr'><strong>sauetegitimue</strong></span> <span class='ocrx_word' id='word_1_84' title='bbox 723 1756 843 1852; x_wconf 89' lang='lat' dir='ltr'><strong>berea,</strong></span> <span class='ocrx_word' id='word_1_85' title='bbox 868 1761 1022 1858; x_wconf 87' lang='lat' dir='ltr'><strong>siipsnm</strong></span> <span class='ocrx_word' id='word_1_86' title='bbox 1048 1755 1296 1836; x_wconf 75' lang='lat' dir='ltr'><strong>conradum</strong></span> <span class='ocrx_word' id='word_1_87' title='bbox 1320 1755 1433 1836; x_wconf 75' lang='lat' dir='ltr'><strong>medio</strong></span> <span class='ocrx_word' id='word_1_88' title='bbox 1458 1766 1616 1852; x_wconf 85' lang='lat' dir='ltr'><strong>temporo</strong></span> 
     </span>
     <span class='ocr_line' id='line_1_13' title="bbox 231 1855 1616 1956; baseline -0.003 -22"><span class='ocrx_word' id='word_1_89' title='bbox 231 1855 404 1934; x_wconf 79' lang='lat' dir='ltr'><strong>deeedme</strong></span> <span class='ocrx_word' id='word_1_90' title='bbox 445 1862 642 1954; x_wconf 67' lang='lat' dir='ltr'><strong>eontigerit</strong></span> <span class='ocrx_word' id='word_1_91' title='bbox 680 1862 926 1956; x_wconf 72' lang='lat' dir='ltr'><strong>proprietatem</strong></span> <span class='ocrx_word' id='word_1_92' title='bbox 963 1858 1131 1956; x_wconf 82' lang='lat' dir='ltr'><strong>sepedicti</strong></span> <span class='ocrx_word' id='word_1_93' title='bbox 1170 1860 1275 1934; x_wconf 78' lang='lat' dir='ltr'><strong>casui</strong></span> <span class='ocrx_word' id='word_1_94' title='bbox 1314 1855 1616 1952; x_wconf 70' lang='lat' dir='ltr'><strong>Sweineburg</strong></span> 
     </span>
     <span class='ocr_line' id='line_1_14' title="bbox 230 1955 1770 2054; baseline -0.002 -19"><span class='ocrx_word' id='word_1_95' title='bbox 230 1979 309 2035; x_wconf 77' lang='lat' dir='ltr'><strong>mut</strong></span> <span class='ocrx_word' id='word_1_96' title='bbox 341 1962 414 2037; x_wconf 84' lang='lat' dir='ltr'><strong>suis</strong></span> <span class='ocrx_word' id='word_1_97' title='bbox 469 1961 660 2038; x_wconf 85' lang='lat' dir='ltr'><strong>ertineutiis</strong></span> <span class='ocrx_word' id='word_1_98' title='bbox 696 1959 800 2036; x_wconf 89' lang='lat' dir='ltr'><strong>nobis</strong></span> <span class='ocrx_word' id='word_1_99' title='bbox 838 1969 874 2032; x_wconf 91' lang='lat' dir='ltr'><strong>et</strong></span> <span class='ocrx_word' id='word_1_100' title='bbox 898 1959 1051 2036; x_wconf 78' lang='lat' dir='ltr'><strong>aedesie</strong></span> <span class='ocrx_word' id='word_1_101' title='bbox 1074 1969 1196 2036; x_wconf 81' lang='lat' dir='ltr'><strong>nosos</strong></span> <span class='ocrx_word' id='word_1_102' title='bbox 1221 1955 1375 2050; x_wconf 81' lang='lat' dir='ltr'><strong>dederit,</strong></span> <span class='ocrx_word' id='word_1_103' title='bbox 1413 1966 1616 2054; x_wconf 83' lang='lat' dir='ltr'><strong>reoeptnrtrs</strong></span> <span class='ocrx_word' id='word_1_104' title='bbox 1766 2029 1770 2046; x_wconf 81' lang='grc'><em>,</em></span> 
     </span>
     <span class='ocr_line' id='line_1_15' title="bbox 231 1983 1615 2157; baseline -0.003 -23"><span class='ocrx_word' id='word_1_105' title='bbox 231 2051 323 2134; x_wconf 85' lang='lat' dir='ltr'><strong>idern</strong></span> <span class='ocrx_word' id='word_1_106' title='bbox 346 2083 369 2148; x_wconf 78' lang='lat' dir='ltr'><strong>a</strong></span> <span class='ocrx_word' id='word_1_107' title='bbox 389 1983 494 2138; x_wconf 71' lang='lat' dir='ltr'><strong>nodis</strong></span> <span class='ocrx_word' id='word_1_108' title='bbox 513 2070 558 2134; x_wconf 84' lang='lat' dir='ltr'><strong>et</strong></span> <span class='ocrx_word' id='word_1_109' title='bbox 579 2059 733 2138; x_wconf 74' lang='lat' dir='ltr'><strong>ecelesia</strong></span> <span class='ocrx_word' id='word_1_110' title='bbox 748 2069 869 2136; x_wconf 89' lang='lat' dir='ltr'><strong>nostra</strong></span> <span class='ocrx_word' id='word_1_111' title='bbox 883 2059 1085 2152; x_wconf 84' lang='lat' dir='ltr'><strong>iuieedrm,</strong></span> <span class='ocrx_word' id='word_1_112' title='bbox 1109 2061 1303 2157; x_wconf 78' lang='lat' dir='ltr'><strong>propriotss</strong></span> <span class='ocrx_word' id='word_1_113' title='bbox 1322 2060 1427 2134; x_wconf 86' lang='lat' dir='ltr'><strong>onstri</strong></span> <span class='ocrx_word' id='word_1_114' title='bbox 1453 2055 1615 2154; x_wconf 70' lang='lat' dir='ltr'><strong>binet-</strong></span> 
     </span>
     <span class='ocr_line' id='line_1_16' title="bbox 231 2156 1615 2258; baseline 0 -26"><span class='ocrx_word' id='word_1_115' title='bbox 231 2158 428 2234; x_wconf 84' lang='lat' dir='ltr'><strong>toneeke</strong></span> <span class='ocrx_word' id='word_1_116' title='bbox 462 2159 606 2258; x_wconf 77' lang='lat' dir='ltr'><strong>predicti</strong></span> <span class='ocrx_word' id='word_1_117' title='bbox 630 2159 675 2234; x_wconf 85' lang='lat' dir='ltr'><strong>sd</strong></span> <span class='ocrx_word' id='word_1_118' title='bbox 698 2163 810 2258; x_wconf 84' lang='lat' dir='ltr'><strong>ipsum</strong></span> <span class='ocrx_word' id='word_1_119' title='bbox 836 2158 987 2234; x_wconf 90' lang='lat' dir='ltr'><strong>nobilem</strong></span> <span class='ocrx_word' id='word_1_120' title='bbox 1024 2159 1326 2257; x_wconf 86' lang='lat' dir='ltr'><strong>Kraphtonem</strong></span> <span class='ocrx_word' id='word_1_121' title='bbox 1362 2157 1406 2232; x_wconf 92' lang='lat' dir='ltr'><strong>de</strong></span> <span class='ocrx_word' id='word_1_122' title='bbox 1447 2156 1615 2232; x_wconf 78' lang='lat' dir='ltr'><strong>Robin-</strong></span> 
     </span>
     <span class='ocr_line' id='line_1_17' title="bbox 231 2257 1617 2354; baseline -0.001 -20"><span class='ocrx_word' id='word_1_123' title='bbox 231 2257 359 2336; x_wconf 85' lang='lat' dir='ltr'><strong>loieb</strong></span> <span class='ocrx_word' id='word_1_124' title='bbox 385 2271 421 2334; x_wconf 91' lang='lat' dir='ltr'><strong>et</strong></span> <span class='ocrx_word' id='word_1_125' title='bbox 445 2283 530 2338; x_wconf 89' lang='lat' dir='ltr'><strong>suos</strong></span> <span class='ocrx_word' id='word_1_126' title='bbox 554 2259 703 2336; x_wconf 82' lang='lat' dir='ltr'><strong>heredes</strong></span> <span class='ocrx_word' id='word_1_127' title='bbox 729 2260 840 2336; x_wconf 88' lang='lat' dir='ltr'><strong>libere</strong></span> <span class='ocrx_word' id='word_1_128' title='bbox 865 2259 1079 2336; x_wconf 88' lang='lat' dir='ltr'><strong>deuoluatur.</strong></span> <span class='ocrx_word' id='word_1_129' title='bbox 1129 2257 1203 2334; x_wconf 85' lang='lat' dir='ltr'><strong>Nos</strong></span> <span class='ocrx_word' id='word_1_130' title='bbox 1229 2263 1357 2354; x_wconf 78' lang='lat' dir='ltr'><strong>ianne,</strong></span> <span class='ocrx_word' id='word_1_131' title='bbox 1380 2262 1439 2354; x_wconf 81' lang='lat' dir='ltr'><strong>qni</strong></span> <span class='ocrx_word' id='word_1_132' title='bbox 1462 2259 1617 2354; x_wconf 80' lang='lat' dir='ltr'><strong>pianture</strong></span> 
     </span>
     <span class='ocr_line' id='line_1_18' title="bbox 232 2357 1618 2456; baseline -0.004 -16"><span class='ocrx_word' id='word_1_133' title='bbox 232 2381 368 2440; x_wconf 79' lang='lat' dir='ltr'><strong>oaorem</strong></span> <span class='ocrx_word' id='word_1_134' title='bbox 393 2361 601 2455; x_wconf 73' lang='lat' dir='ltr'><strong>religionem</strong></span> <span class='ocrx_word' id='word_1_135' title='bbox 626 2370 663 2433; x_wconf 91' lang='lat' dir='ltr'><strong>et</strong></span> <span class='ocrx_word' id='word_1_136' title='bbox 684 2359 870 2456; x_wconf 80' lang='lat' dir='ltr'><strong>plantetam</strong></span> <span class='ocrx_word' id='word_1_137' title='bbox 896 2359 1020 2437; x_wconf 88' lang='lat' dir='ltr'><strong>iovere</strong></span> <span class='ocrx_word' id='word_1_138' title='bbox 1046 2370 1204 2434; x_wconf 67' lang='lat' dir='ltr'><strong>mnemon</strong></span> <span class='ocrx_word' id='word_1_139' title='bbox 1236 2369 1272 2434; x_wconf 87' lang='lat' dir='ltr'><strong>st</strong></span> <span class='ocrx_word' id='word_1_140' title='bbox 1306 2381 1354 2432; x_wconf 86' lang='lat' dir='ltr'><strong>ex</strong></span> <span class='ocrx_word' id='word_1_141' title='bbox 1378 2357 1482 2432; x_wconf 86' lang='lat' dir='ltr'><strong>edieii</strong></span> <span class='ocrx_word' id='word_1_142' title='bbox 1506 2361 1618 2436; x_wconf 77' lang='lat' dir='ltr'><strong>neoni</strong></span> 
     </span>
     <span class='ocr_line' id='line_1_19' title="bbox 231 2456 1618 2556; baseline -0.001 -20"><span class='ocrx_word' id='word_1_143' title='bbox 231 2457 347 2536; x_wconf 87' lang='lat' dir='ltr'><strong>debito</strong></span> <span class='ocrx_word' id='word_1_144' title='bbox 423 2481 609 2550; x_wconf 85' lang='lat' dir='ltr'><strong>emouere,</strong></span> <span class='ocrx_word' id='word_1_145' title='bbox 648 2461 856 2556; x_wconf 69' lang='lat' dir='ltr'><strong>podoionem</strong></span> <span class='ocrx_word' id='word_1_146' title='bbox 889 2459 1075 2556; x_wconf 78' lang='lat' dir='ltr'><strong>supradicti</strong></span> <span class='ocrx_word' id='word_1_147' title='bbox 1110 2457 1237 2534; x_wconf 84' lang='lat' dir='ltr'><strong>nobilis</strong></span> <span class='ocrx_word' id='word_1_148' title='bbox 1261 2457 1533 2554; x_wconf 77' lang='lat' dir='ltr'><strong>Krapitonis</strong></span> <span class='ocrx_word' id='word_1_149' title='bbox 1570 2456 1618 2535; x_wconf 79' lang='lat' dir='ltr'><strong>ta</strong></span> 
     </span>
     <span class='ocr_line' id='line_1_20' title="bbox 231 2552 1616 2655; baseline -0.003 -19"><span class='ocrx_word' id='word_1_150' title='bbox 231 2552 374 2636; x_wconf 82' lang='lat' dir='ltr'><strong>iiobia</strong></span> <span class='ocrx_word' id='word_1_151' title='bbox 403 2559 770 2655; x_wconf 64' lang='lat' dir='ltr'><strong>oiebnemineKra</strong></span> <span class='ocrx_word' id='word_1_152' title='bbox 808 2558 1211 2651; x_wconf 83' lang='lat' dir='ltr'><strong>btonis,Gerbardi</strong></span> <span class='ocrx_word' id='word_1_153' title='bbox 1232 2555 1616 2650; x_wconf 76' lang='lat' dir='ltr'><strong>etGonrndi,fllio-</strong></span> 
     </span>
     <span class='ocr_line' id='line_1_21' title="bbox 232 2657 1618 2758; baseline -0.003 -22"><span class='ocrx_word' id='word_1_154' title='bbox 232 2659 494 2758; x_wconf 81' lang='lat' dir='ltr'><strong>rumquondnm</strong></span> <span class='ocrx_word' id='word_1_155' title='bbox 516 2657 644 2734; x_wconf 80' lang='lat' dir='ltr'><strong>nobilis</strong></span> <span class='ocrx_word' id='word_1_156' title='bbox 669 2662 738 2733; x_wconf 81' lang='lat' dir='ltr'><strong>riri</strong></span> <span class='ocrx_word' id='word_1_157' title='bbox 801 2658 963 2734; x_wconf 88' lang='lat' dir='ltr'><strong>onradi</strong></span> <span class='ocrx_word' id='word_1_158' title='bbox 989 2657 1033 2732; x_wconf 88' lang='lat' dir='ltr'><strong>de</strong></span> <span class='ocrx_word' id='word_1_159' title='bbox 1057 2659 1353 2756; x_wconf 80' lang='lat' dir='ltr'><strong>Boebesperg</strong></span> <span class='ocrx_word' id='word_1_160' title='bbox 1376 2657 1618 2755; x_wconf 75' lang='lat' dir='ltr'><strong>predtesernn,</strong></span> 
     </span>
     <span class='ocr_line' id='line_1_22' title="bbox 232 2757 1617 2859; baseline -0.003 -23"><span class='ocrx_word' id='word_1_161' title='bbox 232 2757 334 2838; x_wconf 87' lang='lat' dir='ltr'><strong>nobis</strong></span> <span class='ocrx_word' id='word_1_162' title='bbox 360 2770 397 2836; x_wconf 90' lang='lat' dir='ltr'><strong>et</strong></span> <span class='ocrx_word' id='word_1_163' title='bbox 421 2759 568 2859; x_wconf 84' lang='lat' dir='ltr'><strong>enpitnto</strong></span> <span class='ocrx_word' id='word_1_164' title='bbox 592 2770 716 2836; x_wconf 79' lang='lat' dir='ltr'><strong>uostw</strong></span> <span class='ocrx_word' id='word_1_165' title='bbox 742 2758 927 2834; x_wconf 81' lang='lat' dir='ltr'><strong>exhibitam</strong></span> <span class='ocrx_word' id='word_1_166' title='bbox 951 2763 1041 2857; x_wconf 89' lang='lat' dir='ltr'><strong>piam</strong></span> <span class='ocrx_word' id='word_1_167' title='bbox 1075 2771 1112 2834; x_wconf 90' lang='lat' dir='ltr'><strong>et</strong></span> <span class='ocrx_word' id='word_1_168' title='bbox 1133 2757 1378 2836; x_wconf 80' lang='lat' dir='ltr'><strong>moiouabdem</strong></span> <span class='ocrx_word' id='word_1_169' title='bbox 1403 2763 1617 2852; x_wconf 68' lang='lat' dir='ltr'><strong>esitantes,</strong></span> 
     </span>
     <span class='ocr_line' id='line_1_23' title="bbox 233 2859 1616 2958; baseline -0.002 -21"><span class='ocrx_word' id='word_1_170' title='bbox 233 2859 495 2938; x_wconf 86' lang='lat' dir='ltr'><strong>oonsiderantes</strong></span> <span class='ocrx_word' id='word_1_171' title='bbox 521 2863 643 2953; x_wconf 75' lang='lat' dir='ltr'><strong>edam,</strong></span> <span class='ocrx_word' id='word_1_172' title='bbox 667 2859 760 2957; x_wconf 84' lang='lat' dir='ltr'><strong>qnod</strong></span> <span class='ocrx_word' id='word_1_173' title='bbox 784 2860 942 2957; x_wconf 83' lang='lat' dir='ltr'><strong>prelibati</strong></span> <span class='ocrx_word' id='word_1_174' title='bbox 969 2863 1074 2938; x_wconf 70' lang='lat' dir='ltr'><strong>onsbi</strong></span> <span class='ocrx_word' id='word_1_175' title='bbox 1096 2861 1399 2958; x_wconf 68' lang='lat' dir='ltr'><strong>Boebesperg</strong></span> <span class='ocrx_word' id='word_1_176' title='bbox 1431 2882 1507 2933; x_wconf 87' lang='lat' dir='ltr'><strong>enm</strong></span> <span class='ocrx_word' id='word_1_177' title='bbox 1543 2861 1616 2934; x_wconf 83' lang='lat' dir='ltr'><strong>sris</strong></span> 
     </span>
     <span class='ocr_line' id='line_1_24' title="bbox 233 2957 1632 3059; baseline -0.003 -25"><span class='ocrx_word' id='word_1_178' title='bbox 233 2963 434 3054; x_wconf 85' lang='lat' dir='ltr'><strong>attinentiis,</strong></span> <span class='ocrx_word' id='word_1_179' title='bbox 458 2970 496 3036; x_wconf 90' lang='lat' dir='ltr'><strong>ut</strong></span> <span class='ocrx_word' id='word_1_180' title='bbox 518 2959 718 3058; x_wconf 78' lang='lat' dir='ltr'><strong>predioibrr,</strong></span> <span class='ocrx_word' id='word_1_181' title='bbox 742 2959 884 3036; x_wconf 87' lang='lat' dir='ltr'><strong>donatio</strong></span> <span class='ocrx_word' id='word_1_182' title='bbox 910 2963 987 3036; x_wconf 89' lang='lat' dir='ltr'><strong>siue</strong></span> <span class='ocrx_word' id='word_1_183' title='bbox 1003 2959 1191 3059; x_wconf 79' lang='lat' dir='ltr'><strong>preirdioio</strong></span> <span class='ocrx_word' id='word_1_184' title='bbox 1217 2961 1371 3037; x_wconf 85' lang='lat' dir='ltr'><strong>eeolesie</strong></span> <span class='ocrx_word' id='word_1_185' title='bbox 1392 2971 1516 3036; x_wconf 89' lang='lat' dir='ltr'><strong>nostra</strong></span> <span class='ocrx_word' id='word_1_186' title='bbox 1539 2957 1632 3034; x_wconf 75' lang='lat' dir='ltr'><strong>ieri¹</strong></span> 
     </span>
     <span class='ocr_line' id='line_1_25' title="bbox 229 3061 1616 3160; baseline 0.001 -24"><span class='ocrx_word' id='word_1_187' title='bbox 229 3065 362 3160; x_wconf 82' lang='lat' dir='ltr'><strong>peterit</strong></span> <span class='ocrx_word' id='word_1_188' title='bbox 385 3071 421 3138; x_wconf 89' lang='lat' dir='ltr'><strong>et</strong></span> <span class='ocrx_word' id='word_1_189' title='bbox 440 3065 597 3156; x_wconf 75' lang='lat' dir='ltr'><strong>iaetura,</strong></span> <span class='ocrx_word' id='word_1_190' title='bbox 629 3065 817 3160; x_wconf 80' lang='lat' dir='ltr'><strong>preseru&#39;m</strong></span> <span class='ocrx_word' id='word_1_191' title='bbox 851 3083 927 3136; x_wconf 84' lang='lat' dir='ltr'><strong>enm</strong></span> <span class='ocrx_word' id='word_1_192' title='bbox 951 3065 1027 3159; x_wconf 84' lang='lat' dir='ltr'><strong>ipsa</strong></span> <span class='ocrx_word' id='word_1_193' title='bbox 1050 3071 1170 3141; x_wconf 84' lang='lat' dir='ltr'><strong>nostra</strong></span> <span class='ocrx_word' id='word_1_194' title='bbox 1196 3062 1347 3137; x_wconf 80' lang='lat' dir='ltr'><strong>seeteeia</strong></span> <span class='ocrx_word' id='word_1_195' title='bbox 1371 3083 1451 3136; x_wconf 86' lang='lat' dir='ltr'><strong>enm</strong></span> <span class='ocrx_word' id='word_1_196' title='bbox 1474 3061 1616 3137; x_wconf 69' lang='lat' dir='ltr'><strong>dtenins</strong></span> 
     </span>
     <span class='ocr_line' id='line_1_26' title="bbox 236 3161 1618 3260; baseline -0.004 -20"><span class='ocrx_word' id='word_1_197' title='bbox 236 3165 341 3240; x_wconf 75' lang='lat' dir='ltr'><strong>euni</strong></span> <span class='ocrx_word' id='word_1_198' title='bbox 367 3161 614 3260; x_wconf 71' lang='lat' dir='ltr'><strong>eqmndentie,</strong></span> <span class='ocrx_word' id='word_1_199' title='bbox 652 3165 757 3236; x_wconf 88' lang='lat' dir='ltr'><strong>immo</strong></span> <span class='ocrx_word' id='word_1_200' title='bbox 793 3161 971 3254; x_wconf 66' lang='lat' dir='ltr'><strong>namara,</strong></span> <span class='ocrx_word' id='word_1_201' title='bbox 995 3167 1206 3260; x_wconf 79' lang='lat' dir='ltr'><strong>proprietate</strong></span> <span class='ocrx_word' id='word_1_202' title='bbox 1229 3161 1420 3259; x_wconf 82' lang='lat' dir='ltr'><strong>indempnis</strong></span> <span class='ocrx_word' id='word_1_203' title='bbox 1446 3171 1618 3251; x_wconf 78' lang='lat' dir='ltr'><strong>serretur,</strong></span> 
     </span>
     <span class='ocr_line' id='line_1_27' title="bbox 235 3257 1618 3360; baseline -0.003 -20"><span class='ocrx_word' id='word_1_204' title='bbox 235 3272 387 3340; x_wconf 67' lang='lat' dir='ltr'><strong>usuum</strong></span> <span class='ocrx_word' id='word_1_205' title='bbox 409 3257 708 3360; x_wconf 76' lang='lat' dir='ltr'><strong>Boebesperg</strong></span> <span class='ocrx_word' id='word_1_206' title='bbox 730 3273 770 3340; x_wconf 85' lang='lat' dir='ltr'><strong>ot</strong></span> <span class='ocrx_word' id='word_1_207' title='bbox 794 3260 989 3338; x_wconf 80' lang='lat' dir='ltr'><strong>suburbium</strong></span> <span class='ocrx_word' id='word_1_208' title='bbox 1005 3261 1143 3353; x_wconf 88' lang='lat' dir='ltr'><strong>ibidem,</strong></span> <span class='ocrx_word' id='word_1_209' title='bbox 1168 3261 1618 3359; x_wconf 57' lang='lat' dir='ltr'><strong>qnodqunndnmwrrne</strong></span> 
     </span>
     <span class='ocr_line' id='line_1_28' title="bbox 232 3359 1617 3462; baseline 0 -26"><span class='ocrx_word' id='word_1_210' title='bbox 232 3359 386 3440; x_wconf 83' lang='lat' dir='ltr'><strong>borea</strong></span> <span class='ocrx_word' id='word_1_211' title='bbox 410 3361 687 3462; x_wconf 82' lang='lat' dir='ltr'><strong>nunenpabntur,</strong></span> <span class='ocrx_word' id='word_1_212' title='bbox 726 3373 828 3461; x_wconf 85' lang='lat' dir='ltr'><strong>prout</strong></span> <span class='ocrx_word' id='word_1_213' title='bbox 853 3361 897 3436; x_wconf 91' lang='lat' dir='ltr'><strong>ad</strong></span> <span class='ocrx_word' id='word_1_214' title='bbox 920 3383 987 3438; x_wconf 91' lang='lat' dir='ltr'><strong>nos</strong></span> <span class='ocrx_word' id='word_1_215' title='bbox 1012 3373 1050 3438; x_wconf 90' lang='lat' dir='ltr'><strong>et</strong></span> <span class='ocrx_word' id='word_1_216' title='bbox 1074 3363 1260 3441; x_wconf 78' lang='lat' dir='ltr'><strong>ecelesiam</strong></span> <span class='ocrx_word' id='word_1_217' title='bbox 1281 3373 1435 3440; x_wconf 80' lang='lat' dir='ltr'><strong>nostram</strong></span> <span class='ocrx_word' id='word_1_218' title='bbox 1459 3367 1617 3460; x_wconf 87' lang='lat' dir='ltr'><strong>pertinet,</strong></span> 
     </span>
     <span class='ocr_line' id='line_1_29' title="bbox 240 3461 1617 3562; baseline -0.001 -22"><span class='ocrx_word' id='word_1_219' title='bbox 240 3484 318 3540; x_wconf 83' lang='lat' dir='ltr'><strong>oum</strong></span> <span class='ocrx_word' id='word_1_220' title='bbox 342 3461 500 3542; x_wconf 79' lang='lat' dir='ltr'><strong>omuibus</strong></span> <span class='ocrx_word' id='word_1_221' title='bbox 524 3463 763 3562; x_wconf 84' lang='lat' dir='ltr'><strong>proventibus,</strong></span> <span class='ocrx_word' id='word_1_222' title='bbox 794 3461 948 3556; x_wconf 77' lang='lat' dir='ltr'><strong>judicio,</strong></span> <span class='ocrx_word' id='word_1_223' title='bbox 981 3462 1232 3557; x_wconf 81' lang='lat' dir='ltr'><strong>jurisdictione,</strong></span> <span class='ocrx_word' id='word_1_224' title='bbox 1268 3461 1467 3556; x_wconf 81' lang='lat' dir='ltr'><strong>redditibus,</strong></span> <span class='ocrx_word' id='word_1_225' title='bbox 1491 3465 1617 3554; x_wconf 66' lang='lat' dir='ltr'><strong>mis,</strong></span> 
     </span>
     <span class='ocr_line' id='line_1_30' title="bbox 235 3562 1617 3662; baseline 0.001 -24"><span class='ocrx_word' id='word_1_226' title='bbox 235 3566 345 3662; x_wconf 69' lang='lat' dir='ltr'><strong>apris,</strong></span> <span class='ocrx_word' id='word_1_227' title='bbox 379 3567 477 3656; x_wconf 88' lang='lat' dir='ltr'><strong>ortis,</strong></span> <span class='ocrx_word' id='word_1_228' title='bbox 512 3567 633 3662; x_wconf 82' lang='lat' dir='ltr'><strong>pratis,</strong></span> <span class='ocrx_word' id='word_1_229' title='bbox 656 3566 808 3661; x_wconf 86' lang='lat' dir='ltr'><strong>paeonis,</strong></span> <span class='ocrx_word' id='word_1_230' title='bbox 833 3562 945 3655; x_wconf 87' lang='lat' dir='ltr'><strong>siluis,</strong></span> <span class='ocrx_word' id='word_1_231' title='bbox 969 3563 1182 3655; x_wconf 86' lang='lat' dir='ltr'><strong>nemoribus,</strong></span> <span class='ocrx_word' id='word_1_232' title='bbox 1214 3563 1426 3656; x_wconf 74' lang='lat' dir='ltr'><strong>molendino,</strong></span> <span class='ocrx_word' id='word_1_233' title='bbox 1462 3565 1617 3661; x_wconf 71' lang='lat' dir='ltr'><strong>pierrei-</strong></span> 
     </span>
     <span class='ocr_line' id='line_1_31' title="bbox 237 3659 1619 3763; baseline 0 -25"><span class='ocrx_word' id='word_1_234' title='bbox 237 3659 373 3758; x_wconf 86' lang='lat' dir='ltr'><strong>enibos,</strong></span> <span class='ocrx_word' id='word_1_235' title='bbox 397 3667 552 3763; x_wconf 83' lang='lat' dir='ltr'><strong>pisoinis,</strong></span> <span class='ocrx_word' id='word_1_236' title='bbox 577 3667 688 3760; x_wconf 81' lang='lat' dir='ltr'><strong>aquis,</strong></span> <span class='ocrx_word' id='word_1_237' title='bbox 700 3685 861 3760; x_wconf 71' lang='lat' dir='ltr'><strong>aquarum</strong></span> <span class='ocrx_word' id='word_1_238' title='bbox 887 3663 1102 3756; x_wconf 86' lang='lat' dir='ltr'><strong>deeursibns,</strong></span> <span class='ocrx_word' id='word_1_239' title='bbox 1125 3667 1223 3756; x_wconf 67' lang='lat' dir='ltr'><strong>ritib,</strong></span> <span class='ocrx_word' id='word_1_240' title='bbox 1247 3663 1380 3755; x_wconf 80' lang='lat' dir='ltr'><strong>niudis,</strong></span> <span class='ocrx_word' id='word_1_241' title='bbox 1398 3666 1482 3756; x_wconf 81' lang='lat' dir='ltr'><strong>viis,</strong></span> <span class='ocrx_word' id='word_1_242' title='bbox 1505 3665 1619 3756; x_wconf 79' lang='lat' dir='ltr'><strong>inuiis,</strong></span> 
     </span>
     <span class='ocr_line' id='line_1_32' title="bbox 236 3763 1617 3884; baseline 0.001 -46"><span class='ocrx_word' id='word_1_243' title='bbox 236 3768 379 3862; x_wconf 76' lang='lat' dir='ltr'><strong>quesitis</strong></span> <span class='ocrx_word' id='word_1_244' title='bbox 407 3775 443 3838; x_wconf 88' lang='lat' dir='ltr'><strong>et</strong></span> <span class='ocrx_word' id='word_1_245' title='bbox 466 3787 538 3838; x_wconf 89' lang='lat' dir='ltr'><strong>non</strong></span> <span class='ocrx_word' id='word_1_246' title='bbox 559 3766 706 3884; x_wconf 61' lang='lat' dir='ltr'><strong>quesitis</strong></span> <span class='ocrx_word' id='word_1_247' title='bbox 732 3764 879 3858; x_wconf 82' lang='lat' dir='ltr'><strong>aliisque</strong></span> <span class='ocrx_word' id='word_1_248' title='bbox 898 3763 1065 3884; x_wconf 31' lang='lat' dir='ltr'><strong>‘omnibus</strong></span> <span class='ocrx_word' id='word_1_249' title='bbox 1086 3763 1218 3857; x_wconf 76' lang='lat' dir='ltr'><strong>iuribus</strong></span> <span class='ocrx_word' id='word_1_250' title='bbox 1243 3768 1505 3861; x_wconf 85' lang='lat' dir='ltr'><strong>etpertinentiis</strong></span> <span class='ocrx_word' id='word_1_251' title='bbox 1531 3765 1617 3884; x_wconf 69' lang='lat' dir='ltr'><strong>ants,</strong></span> 
     </span>
     <span class='ocr_line' id='line_1_33' title="bbox 237 3862 1618 4062; baseline -0.002 -23"><span class='ocrx_word' id='word_1_252' title='bbox 237 3873 860 4062; x_wconf 57' lang='lat' dir='ltr'><strong>tt‘tdttittitttttttt</strong></span> <span class='ocrx_word' id='word_1_253' title='bbox 896 3862 1618 4059; x_wconf 61' lang='lat' dir='ltr'><strong>titdt‘i‘tdttbtttittt</strong></span> 
     </span>
     <span class='ocr_line' id='line_1_34' title="bbox 239 4063 1618 4164; baseline 0.001 -26"><span class='ocrx_word' id='word_1_254' title='bbox 239 4085 414 4144; x_wconf 75' lang='lat' dir='ltr'><strong>consensu</strong></span> <span class='ocrx_word' id='word_1_255' title='bbox 439 4085 611 4164; x_wconf 86' lang='lat' dir='ltr'><strong>expresso</strong></span> <span class='ocrx_word' id='word_1_256' title='bbox 637 4072 673 4136; x_wconf 89' lang='lat' dir='ltr'><strong>ot</strong></span> <span class='ocrx_word' id='word_1_257' title='bbox 697 4063 874 4140; x_wconf 85' lang='lat' dir='ltr'><strong>uoluntate</strong></span> <span class='ocrx_word' id='word_1_258' title='bbox 895 4065 1033 4164; x_wconf 86' lang='lat' dir='ltr'><strong>capituli</strong></span> <span class='ocrx_word' id='word_1_259' title='bbox 1056 4069 1168 4146; x_wconf 83' lang='lat' dir='ltr'><strong>uestri</strong></span> <span class='ocrx_word' id='word_1_260' title='bbox 1191 4063 1256 4147; x_wconf 82' lang='lat' dir='ltr'><strong>snt</strong></span> <span class='ocrx_word' id='word_1_261' title='bbox 1281 4069 1456 4162; x_wconf 80' lang='lat' dir='ltr'><strong>prooemia</strong></span> <span class='ocrx_word' id='word_1_262' title='bbox 1480 4069 1618 4142; x_wconf 86' lang='lat' dir='ltr'><strong>testium</strong></span> 
     </span>
    </p>
   </div>
   <div class='ocr_carea' id='block_1_4' title="bbox 251 4166 1288 4260">
    <p class='ocr_par' dir='ltr' id='par_1_4' title="bbox 251 4166 1288 4260">
     <span class='ocr_line' id='line_1_35' title="bbox 251 4166 1288 4260; baseline -0.011 0"><span class='ocrx_word' id='word_1_263' title='bbox 251 4203 691 4260; x_wconf 60' lang='lat' dir='ltr'><strong>matronarum-nr.</strong></span> <span class='ocrx_word' id='word_1_264' title='bbox 1240 4166 1288 4241; x_wconf 83' lang='grc'><strong>74</strong></span> 
     </span>
    </p>
   </div>
   <div class='ocr_carea' id='block_1_5' title="bbox 0 0 1933 4728">
    <p class='ocr_par' dir='ltr' id='par_1_5' title="bbox 0 0 1933 4728">
     <span class='ocr_line' id='line_1_36' title="bbox 0 0 1933 4728; baseline 0 0"><span class='ocrx_word' id='word_1_265' title='bbox 0 0 1933 4728; x_wconf 95' lang='lat' dir='ltr'><strong> </strong></span> 
     </span>
    </p>
   </div>
  </div>
 </body>
</html>
