3794 4722
312 437 382 521 158
895 445 1113 519 Monumenta

311 635 572 719 Warmundo
601 647 642 716 de
670 646 913 717 Hovstrow
938 657 972 716 ct
996 645 1156 718 heredem
1184 643 1310 733 habuit,
1336 649 1392 740 qui
1407 643 1592 740 predictam
1619 642 1692 718 ‹lo-

310 769 399 818 mum
425 747 468 818 de
493 769 593 818 manu
620 745 739 816 decani
766 749 896 842 recepit
922 757 956 815 et
980 751 1179 842 pensionem
1208 747 1371 840 prefatam
1402 745 1518 834 soluit,
1544 755 1692 842 postea-

310 869 376 940 que
403 849 619 918 conniuentia
644 845 781 941 capituli
806 843 1004 940 prelibatum
1033 846 1167 918 domum
1194 843 1303 916 ludeo
1330 849 1468 916 nomine
1493 845 1629 918 Jacob
1656 855 1693 917 et

310 949 411 1018 uxori
439 951 512 1017 eius
538 947 679 1016 nomine
705 943 829 1016 Godc
853 965 917 1039 pro
943 949 1063 1038 uiginti
1079 957 1209 1040 septem
1236 948 1361 1015 marcis
1389 949 1421 1014 ln
1447 949 1591 1040 pignero
1616 950 1692 1041 ipse
1745 967 1749 974 ·

309 1069 385 1118 cum
410 1069 521 1117 uxore
548 1069 609 1118 sua
636 1041 833 1138 coadunetis
860 1043 1012 1117 manibus
1039 1044 1203 1139 obligauit
1229 1056 1263 1114 et
1289 1045 1433 1115 dominis
1461 1049 1692 1117 etconuentui

309 1149 500 1239 resignauit
524 1157 558 1217 et
583 1143 710 1217 Judeus
737 1154 772 1216 et
803 1165 893 1214 uxor
926 1166 988 1216 sua
1022 1143 1063 1216 ab
1097 1149 1181 1240 ipsis
1216 1155 1420 1239 receperunt
1457 1156 1491 1216 et
1524 1145 1691 1240 prelatum

311 1267 476 1318 canonem
504 1267 544 1316 se
571 1245 745 1316 soluturos
771 1246 1000 1338 promiserunt
1026 1245 1171 1338 singulis
1199 1247 1308 1328 annis,
1348 1243 1414 1314 hoc
1450 1255 1551 1340 pacto
1576 1249 1692 1317 inter-

309 1350 422 1442 posito
448 1367 511 1442 pro
538 1347 665 1433 usuris,
689 1354 726 1414 ut
753 1343 897 1436 singulis
923 1347 1048 1416 marcis
1083 1345 1222 1444 singule
1241 1341 1374 1435 dimidie
1406 1362 1519 1436 marce
1556 1344 1691 1418 alesta

310 1450 418 1519 sancti
444 1444 623 1518 Michaelis
649 1465 758 1538 usque
783 1441 825 1514 ad
850 1447 1041 1538 proximum
1076 1444 1199 1516 festum
1233 1446 1341 1516 sancti
1378 1443 1556 1518 Michaelis
1582 1449 1691 1539 primo

310 1567 399 1618 anno
417 1545 633 1634 accederent,
659 1541 810 1614 seeundo
823 1565 909 1614 vero
925 1566 1027 1634 anno,
1053 1547 1165 1618 sinon
1183 1541 1401 1616 soluerentur
1419 1565 1524 1636 vsvre
1552 1555 1586 1615 et
1612 1567 1691 1616 sors

311 1648 424 1717 usuris
452 1655 487 1716 et
512 1654 608 1716 sorte
635 1647 668 1714 in
694 1653 822 1716 sortem
863 1647 1052 1737 conputatis
1089 1642 1209 1714 eodem
1248 1653 1367 1736 pact01
1386 1644 1532 1736 singulis
1566 1647 1690 1719 mercis

203 1796 207 1805 -
311 1745 444 1838 singule
472 1741 602 1834 dimidie
628 1764 740 1835 marce
776 1753 1038 1833 accrescerent,
1074 1753 1108 1814 et
1142 1746 1171 1816 si
1206 1741 1357 1815 secundo
1385 1765 1473 1814 anno
1503 1765 1581 1816 sors
1616 1767 1690 1814 cum

308 1847 423 1917 usuris
449 1867 519 1916 non
545 1843 754 1931 solueretur,
778 1845 927 1912 extincta
955 1853 1051 1914 esset
1075 1845 1228 1937 pigneris
1262 1841 1448 1936 obligatio,
1481 1853 1515 1913 et
1541 1843 1692 1937 prelatus

310 1943 438 2018 Judeus
466 1955 500 2014 et
526 1965 615 2016 uxor
641 1945 777 2014 eius.et
803 1941 902 2012 liberi
929 1945 1003 2012 eius
1030 1945 1104 2036 iure
1128 1941 1333 2013 hereditario
1349 1945 1486 2012 nomine
1503 1952 1692 2015 conuentus

313 2047 422 2140 ipsam
449 2042 585 2114 domvm
611 2064 674 2138 pro
702 2040 851 2136 predicta
879 2045 1046 2135 pensione
1073 2043 1218 2134 singulis
1253 2045 1349 2114 annis
1387 2041 1554 2113 soluenda
1578 2046 1692 2136 quiete

312 2154 348 2214 et
373 2147 582 2215 inconcusse
607 2141 835 2237 possiderent.
887 2141 931 2212 Et
956 2152 992 2211 ut
1017 2141 1082 2211 hec
1108 2141 1311 2212 inconvulsa
1338 2151 1372 2212 et
1384 2152 1457 2213 rata
1472 2152 1693 2237 permaneant

312 2243 418 2337 sigilli
442 2246 553 2315 nostri
579 2245 796 2337 inpressione
811 2239 1095 2312 confirmauimus.
1148 2242 1273 2311 Testes
1299 2251 1377 2314 sunt
1392 2240 1458 2311 hii:
1487 2239 1692 2314 Godeiridus

311 2341 474 2433 decanus,
498 2340 735 2435 Engelhardus
763 2351 893 2428 cantor,
920 2339 1148 2412 Wortuvinus
1162 2345 1355 2435 prepositus
1373 2345 1453 2413 noui
1481 2345 1692 2432 monasterii,

310 2443 530 2536 Berengerus
558 2442 600 2513 de
625 2439 795 2526 Zimbere‚
822 2439 990 2511 Henricus
1008 2441 1201 2530 Peniculus,
1229 2439 1417 2514 Thedrious
1444 2440 1692 2530 delloenberc,

310 2541 445 2636 lringus
484 2541 526 2612 de
553 2539 761 2629 Zabelstein,
784 2539 936 2628 Persice,
960 2537 1136 2628 NicolauS,
1163 2539 1365 2614 Godelridus
1385 2541 1427 2612 de
1442 2539 1694 2634 Cugelenberc,

311 2641 511 2714 lleinoldus.
562 2641 672 2712 Laici:
707 2635 871 2712 lutoldus
896 2637 941 2712 de
975 2639 1244 2730 Gunderslcive,
1280 2639 1482 2712 Adelhunus
1518 2645 1694 2735 pincerna,

311 2741 533 2812 Helenwicus
549 2737 672 2826 Albus,
697 2737 877 2810 Heinrieus
905 2737 947 2808 de
971 2737 1168 2828 Osterburc,
1195 2739 1373 2812 Conradus
1399 2740 1552 2829 deLiad,
1580 2741 1693 2813 Berua

313 2838 355 2909 de
383 2838 608 2928 Caluenberc,
635 2834 840 2909 Willrelmus
866 2835 909 2908 de
936 2836 1111 2928 Salzberc,
1136 2839 1308 2934 Ropertus
1334 2839 1423 2912 lilius
1439 2839 1599 2930 Arnoldi,
1624 2841 1693 2912 Ri-

314 2937 412 3010 choli
432 2937 590 3010 Reccoli.
642 2939 731 3009 Acta
758 2945 835 3008 sunt
860 2935 925 3007 hee
951 2961 1038 3013 anuo
1057 2937 1097 3010 ab
1116 2943 1349 3010 incarnatione
1366 2940 1491 3011 domini
1509 2941 1692 3012 millesimo

314 3041 503 3111 centesimo
531 3039 756 3130 nonagesimo
783 3057 889 3126 nono,
916 3037 1080 3109 Bertoldo
1105 3035 1288 3131 burgrauio
1317 3044 1497 3112 existente.
1604 3113 1608 3120 ,

524 3233 658 3318 Sigillum
680 3235 801 3319 collegii
824 3233 855 3299 S.
878 3235 981 3298 lllllenl
1004 3241 1182 3317 impressum
1205 3235 1299 3299 adest.
