3774 4728
596 453 813 566 episcopatus
839 445 1134 562 wirziburgeusls.
1487 453 1559 542 tid

179 660 287 741 ulmus
313 671 423 764 ipsum
450 665 609 756 officium
635 666 796 763 predictis
824 677 858 740 et
877 689 996 740 eorum
1012 665 1443 762 heredibusoptinondum,
1470 667 1561 763 quod

180 769 334 840 similiter
360 768 403 840 de
428 779 548 841 nostro
576 767 722 840 consilio
761 765 842 839 illud
871 768 1040 840 locabant.
1093 768 1130 840 ln
1168 765 1321 838 manibus
1361 771 1391 840 si
1470 767 1561 841 idem

179 869 445 964 subscriptorum
473 869 561 940 idern
589 867 736 940 cilicium
764 861 951 942 locauimus
979 867 1163 964 sepedictis
1182 869 1351 962 pincerne
1378 877 1414 939 et
1459 867 1561 966 psole

179 993 218 1040 ac
244 969 325 1058 illis,
352 969 473 1064 quibus
499 973 574 1064 ipsa
600 969 729 1064 Gpsela
758 979 963 1042 naernoratas
990 969 1153 1042 ducentas
1179 989 1312 1040 marcas
1340 969 1475 1062 argenti
1492 967 1560 1042 de-

179 1069 265 1140 derit
292 1069 347 1140 uel
374 1069 543 1162 lagauerit
569 1069 784 1162 integraliter
810 1081 863 1140 aut
890 1069 1151 1166 particulariter,
1177 1089 1251 1139 cum
1269 1068 1562 1165 requisitiiuerint

179 1169 395 1264 optinendum
423 1170 535 1242 medio
564 1180 716 1265 tempore
755 1191 821 1264 quo
855 1191 965 1264 nsque
1003 1192 1067 1244 nos
1106 1179 1162 1242 aut
1188 1191 1414 1242 successores
1452 1171 1561 1242 nostri

178 1270 220 1342 de
246 1273 319 1365 ipsa
347 1293 475 1342 summo
503 1273 635 1362 argenti
663 1270 880 1342 ducentarum
907 1293 1095 1343 marcarum
1130 1268 1218 1342 idem
1253 1267 1401 1342 officium
1435 1269 1560 1343 absol-

178 1392 307 1440 uaruus.
361 1371 419 1442 lsti
457 1381 535 1444 sunt
571 1375 602 1442 in
638 1392 780 1464 quorum
814 1370 967 1444 munibus
996 1371 1084 1442 idom
1126 1368 1273 1442 cilicium
1300 1381 1354 1444 ost
1392 1369 1560 1443 locatum:

179 1469 444 1542 Waltberus
472 1469 695 1564 dictustr,
721 1469 1082 1558 alrnoldusl’icaq
1110 1467 1562 1562 GoteboldusGrese‚

177 1569 364 1664 lringus
390 1570 496 1642 irater
535 1593 638 1658 surm,
680 1569 908 1642 Arnuldus
942 1569 1157 1661 Wollolt,
1196 1570 1436 1643 Heinricus
1473 1569 1562 1647 filios

179 1670 437 1761 Goteboldi,
462 1669 754 1743 Eckelrardus
783 1670 871 1742 itlius
898 1693 999 1760 snus,
1027 1669 1257 1744 Geruodos
1284 1669 1561 1744 Honescult-

178 1769 331 1860 boiae,
357 1769 684 1844 Hiltebraudus
719 1769 761 1842 de
787 1770 944 1858 Laden,
969 1771 1209 1844 Richolius
1236 1771 1278 1842 de
1304 1769 1563 1864 laenbolon‚

178 1871 433 1943 Heinricus
469 1872 683 1968 'l'acprotp
718 1871 897 1964 lriagus
932 1869 1020 1944 lilius
1058 1873 1259 1944 Heinrici
1297 1871 1563 1964 Oressonis,

180 1971 416 2044 Cruradus
443 1971 834 2059 doWitolsbussn,
863 1971 1257 2046 Eclrebarduslilius
1279 1972 1318 2045 E.
1338 1971 1491 2068 dapiferi.
1520 1971 1564 2045 Et

179 2081 214 2141 ut
238 2070 429 2144 huiusmodi
467 2071 568 2142 cilicii
608 2076 717 2144 nostri
755 2071 925 2166 obligaciu
966 2072 1121 2144 omnibus
1156 2071 1292 2167 patefiat
1326 2083 1361 2144 at
1401 2073 1563 2168 predictis

180 2175 341 2266 pincerne
369 2183 403 2244 et
431 2171 561 2266 Gpsele
587 2184 621 2244 et
637 2170 805 2258 omnibus,
832 2172 951 2266 quibus
980 2176 1051 2266 ipsa
1069 2171 1563 2266 predictasducentssmarcas

180 2273 395 2366 integraliter
419 2272 477 2343 uel
503 2272 750 2367 particulariter
777 2271 908 2344 dederit
934 2273 990 2342 uel
1018 2273 1205 2364 legauerit‚
1243 2293 1261 2342 a
1288 2271 1388 2344 nobis
1415 2283 1451 2346 et
1476 2292 1563 2346 sue·-

180 2370 378 2446 cessoribus
405 2376 533 2445 nostris
560 2371 802 2444 inuiolabiliter
829 2371 1044 2458 obseruatum
1072 2383 1266 2468 presentem
1286 2372 1433 2445 litteram
1461 2392 1565 2470 super

181 2471 247 2543 boc
286 2476 513 2568 conscriptam
549 2471 701 2543 dedimus
740 2471 857 2565 sigillo
897 2482 1018 2543 nostro
1058 2483 1091 2543 et
1125 2469 1242 2565 sigillo
1280 2473 1414 2567 capituli
1454 2475 1564 2546 nostri

180 2571 320 2644 firmiter
345 2575 584 2645 conmunitam.
636 2571 710 2642 llec
735 2582 789 2643 est
815 2573 991 2644 ostimacio
1029 2567 1215 2643 bonorum:
1256 2571 1394 2644 soluunt
1429 2574 1565 2667 inquam

180 2684 355 2746 trecentos
382 2671 516 2744 modios
543 2683 578 2744 et
604 2682 675 2744 tres
702 2671 835 2744 modios
863 2693 975 2743 anone
991 2671 1140 2760 diuerso,
1167 2669 1406 2766 vigintilibras
1424 2670 1563 2744 ballon-

181 2777 267 2846 sium
296 2777 405 2848 minus
431 2769 521 2844 llllor
543 2771 677 2862 solidis,
703 2771 822 2844 txvtt
849 2772 973 2868 pullos,
1002 2771 1088 2845 duos
1116 2772 1250 2845 modios
1277 2791 1479 2863 caseorum,
1503 2771 1565 2845 tto

181 2897 259 2962 oua,
287 2895 410 2946 nouem
439 2885 566 2948 metans
593 2872 675 2962 olei,
702 2871 748 2943 Vl
775 2883 926 2945 carratas
954 2873 1044 2964 leni,
1080 2877 1219 2970 insuper
1245 2869 1415 2946 XXVllI¹⁰
1437 2877 1565 2967 jugera

180 2979 370 3062 vitrearum,
397 2977 476 3045 item
503 2973 535 3044 Χ
561 2995 666 3067 agros
693 2984 878 3070 pratorum
905 2978 985 3046 itern
1013 2973 1181 3046 dimidium
1209 2995 1361 3046 mansum
1384 2973 1563 3046 widem-

180 3073 303 3164 bube,
328 3078 409 3146 item
429 3077 712 3169 vigintiquinque
729 3097 836 3167 agros
854 3073 1085 3164 cetininam,
1112 3077 1192 3146 item
1210 3077 1392 3168 sexaginta
1407 3073 1563 3148 homines

180 3180 213 3248 in
241 3176 386 3250 diuersis
414 3175 501 3246 locis
528 3173 733 3262 residentes
760 3178 840 3246 item
866 3172 948 3246 duas
975 3179 1087 3247 curias
1113 3177 1146 3245 in
1206 3175 1326 3247 lutea
1350 3174 1562 3248 Bolanis:

181 3273 502 3348 Wallrenrietb
528 3285 564 3346 et
589 3297 767 3370 paruum
794 3275 1053 3368 biningen,
1087 3283 1121 3346 et
1147 3198 1212 3346 ada
1239 3279 1371 3369 quesita
1398 3283 1434 3346 ct
1458 3271 1565 3347 adhuc

180 3374 390 3471 inquirenda.
442 3377 563 3447 Datum
590 3398 679 3446 anno
707 3374 832 3446 dumidi
857 3373 1010 3446 blGOLX
1026 3376 1148 3463 tercio,
1174 3373 1358 3447 indictione
1374 3372 1444 3462 Vl,
1470 3395 1564 3470 pon-

180 3476 326 3549 tificatus
354 3479 464 3549 nostri
490 3497 579 3547 anno
596 3475 744 3564 decimo,
770 3473 926 3548 kalendis
943 3475 1043 3546 lunii.
1071 3475 1154 3546 lietu
1170 3475 1288 3546 villam
1307 3473 1565 3547 Vlienlreim

181 3575 292 3648 sidem
322 3576 454 3671 Gpsele
478 3579 670 3670 expositam
695 3597 759 3669 pro
787 3585 920 3647 centurn
955 3575 1049 3646 libris
1076 3573 1279 3647 ballensium
1312 3575 1400 3648 dicta
1434 3573 1573 3676 Gysela.

180 3675 281 3748 nobis
308 3675 434 3748 dimisit
460 3675 660 3746 absolutam.
713 3672 796 3746 ltem
834 3674 877 3746 de
910 3671 1096 3746 LXXXllll
1130 3673 1227 3748 libris
1266 3675 1492 3765 hallensium,
1530 3677 1565 3748 in

181 3775 301 3872 quibus
329 3775 438 3850 eidem
467 3773 676 3865 tenebamur,
703 3797 768 3849 nos
796 3773 921 3848 dimisit
944 3773 1136 3848 liberaliter
1160 3773 1360 3850 absolutum.

392 4007 437 4071 Ex
460 4007 577 4072 duobus
608 4007 715 4091 sigillis
737 4007 886 4089 quondam
918 3991 1073 4091 appensis
1091 4009 1163 4073 illud
1197 4007 1286 4093 lringi
1319 4001 1454 4093 episcopi
1481 3991 1567 4078 valde

392 4095 506 4159 laesum
530 4099 675 4176 superest.
1186 4153 1188 4158 ,
1344 4114 1347 4120 ·
