3768 4728
265 359 338 437 336
944 339 1163 426 bienuihonta

266 557 509 650 wilielmi,
534 557 767 631 Rornanorum
787 554 883 649 regis
911 550 1274 640 seruiciumintrciret
1299 548 1537 646 promittimus,
1563 543 1653 641 qnod

269 664 300 736 si
327 658 480 734 eiusdem
505 661 650 756 pecunie
678 655 804 730 solutio
839 655 926 728 inira
950 653 1075 726 festum
1102 649 1353 746 purilrcacionis
1379 647 1481 721 beate
1505 647 1653 742 virginis

267 766 428 861 proxime
455 783 545 832 nuno
571 767 748 832 uenturum
775 777 837 856 per
863 753 1049 854 predictum
1077 751 1247 824 dominum
1272 760 1427 822 nostrum
1450 765 1653 841 regemnon

267 863 370 936 luerit
395 870 596 958 procurata,
622 879 688 930 nos
716 868 842 929 extunc
869 877 943 928 earn
971 853 1107 926 domino
1135 855 1300 949 episcopo
1327 847 1586 946 persolucmus.
1612 845 1655 919 ad

270 963 476 1038 solutionem
503 959 601 1032 huius
628 979 693 1032 nos
733 965 767 1028 et
805 967 958 1029 nostram
993 953 1175 1026 ecclesiam
1214 953 1410 1024 testimonio
1444 949 1655 1044 presentium

270 1062 474 1158 obligantes.
526 1063 649 1133 Datum
675 1055 762 1152 apud
788 1053 1081 1148 aschaffenburg,
1106 1052 1177 1126 llll.
1203 1051 1278 1127 idus
1304 1048 1531 1140 Nouembris,
1564 1067 1654 1121 anno

271 1163 396 1237 domini
423 1161 481 1234 ΜΟ·
500 1159 580 1233 000-
597 1155 759 1232 xivitio·

480 1343 640 1427 Appendet
662 1299 858 1427 fragmentum
882 1341 980 1426 sigilli.

876 1635 1054 1712 GGXOIX.

757 1838 845 1903 Anno
871 1834 975 1918 iaia,
1001 1835 1027 1903 i.
1051 1838 1172 1922 Aprilis.

373 2031 559 2108 ilermanni
582 2024 835 2126 herbipolensis
862 2029 1016 2125 episcopi
1040 2025 1273 2122 indulgentiae
1298 2029 1333 2098 iu
1359 2024 1496 2100 casibus
1511 2021 1657 2122 qrribus·

274 2135 349 2208 ham
377 2133 442 2208 sibi
467 2132 669 2204 reservetis.

375 2233 522 2327 „Datum
549 2252 638 2304 anno
665 2227 792 2302 domini
816 2225 970 2304 uicerit
995 2249 1101 2318 ncne,
1127 2225 1283 2302 kalendis
1305 2223 1448 2324 Aprilis,
1471 2223 1658 2304 indictione

274 2333 387 2428 vtio,
422 2328 637 2433 pontificatus
663 2334 775 2406 nostri
802 2353 889 2402 anno
916 2329 1006 2401 XX⁰·
1031 2332 1190 2423 quartoi'·

484 2517 643 2604 Appendet
663 2517 802 2600 sigillum.

931 2809 1027 2886 000.

716 3011 803 3078 Anno
821 3008 922 3091 iera,
946 3026 1051 3076 meuse
1074 3011 1212 3097 Augusti.

275 3198 491 3279 Hormanuus
518 3195 771 3296 herbipolensis
792 3203 989 3299 episcopus,
1016 3201 1072 3295 qui
1098 3195 1290 3272 airatribus
1308 3197 1660 3274 domesteuihonicae

276 3305 312 3376 in
338 3298 515 3398 Herbipcli
542 3303 654 3373 omnia
680 3299 793 3392 bona,
831 3323 918 3397 quae
954 3323 1017 3372 cos
1051 3321 1097 3372 cx
1122 3309 1219 3398 purte
1245 3298 1391 3374 liliorum
1416 3299 1589 3374 Waltheri
1616 3299 1659 3374 de

277 3399 457 3478 Burcheim
483 3399 744 3494 contingebant,
779 3404 959 3498 emptionis
995 3399 1093 3474 titulo
1130 3423 1193 3498 pro
1229 3405 1392 3475 trecentis
1433 3405 1558 3476 marcis
1584 3403 1660 3498 puri

353 3505 487 3598 argenti
511 3501 609 3576 XXV
635 3505 744 3576 minus
773 3511 1054 3599 comparaverat,
1079 3501 1223 3575 sormam
1250 3501 1430 3577 solutionis
1458 3505 1582 3578 statuit.

378 3653 653 3730 Hermaunus
698 3655 752 3729 dei
794 3659 903 3751 gratio
943 3654 1193 3751 herbipolensis
1235 3659 1429 3752 episcopus.
1493 3653 1661 3729 Noueriut

278 3777 400 3831 omues
426 3754 523 3829 huius
549 3759 674 3854 pagine
699 3759 936 3854 inspectores.
962 3755 1052 3851 quod
1077 3777 1141 3828 nos
1169 3755 1256 3852 apud
1280 3757 1404 3830 iratres
1431 3755 1551 3829 domus
1577 3767 1660 3830 teu·

278 3855 474 3930 theutonice
499 3859 534 3929 in
558 3855 807 3954 Herbipcli
833 3860 946 3930 omnia
960 3855 1050 3929 bona
1065 3859 1138 3928 siue
1166 3860 1233 3930 sint
1253 3856 1401 3930 feudalia
1417 3860 1492 3929 siue
1508 3859 1660 3954 propria,

280 3977 346 4055 que
372 3979 436 4034 eos
463 3977 509 4031 ex
522 3967 619 4054 parte
634 3955 781 4032 liliorum
795 3955 908 4033 felicis
924 3959 1089 4031 memorie
1103 3956 1341 4032 Walthari
1366 3957 1408 4032 de
1427 3956 1660 4032 Barchoim
