<?xml version="1.0" encoding="UTF-8"?>
<!DOCTYPE html PUBLIC "-//W3C//DTD XHTML 1.0 Transitional//EN"
    "http://www.w3.org/TR/xhtml1/DTD/xhtml1-transitional.dtd">
<html xmlns="http://www.w3.org/1999/xhtml" xml:lang="en" lang="en">
 <head>
  <title>
</title>
<meta http-equiv="Content-Type" content="text/html;charset=utf-8" />
  <meta name='ocr-system' content='tesseract 3.04.00' />
  <meta name='ocr-capabilities' content='ocr_page ocr_carea ocr_par ocr_line ocrx_word'/>
</head>
<body>
  <div class='ocr_page' id='page_1' title='image "./monumentaboica00karagoog_0158.png"; bbox 0 0 3794 4722; ppageno 0'>
   <div class='ocr_carea' id='block_1_1' title="bbox 326 480 1125 555">
    <p class='ocr_par' dir='ltr' id='par_1_1' title="bbox 326 480 1125 555">
     <span class='ocr_line' id='line_1_1' title="bbox 326 480 1125 555; baseline -0.004 -2"><span class='ocrx_word' id='word_1_1' title='bbox 326 480 399 555; x_wconf 80' lang='lat' dir='ltr'><strong>tto</strong></span> <span class='ocrx_word' id='word_1_2' title='bbox 909 481 1125 552; x_wconf 83' lang='lat' dir='ltr'><strong>Monumenta</strong></span> 
     </span>
    </p>
   </div>
   <div class='ocr_carea' id='block_1_2' title="bbox 325 677 1759 1174">
    <p class='ocr_par' dir='ltr' id='par_1_2' title="bbox 325 677 1759 1174">
     <span class='ocr_line' id='line_1_2' title="bbox 325 677 1707 772; baseline 0 -22"><span class='ocrx_word' id='word_1_3' title='bbox 325 680 420 772; x_wconf 79' lang='lat' dir='ltr'><strong>lege,</strong></span> <span class='ocrx_word' id='word_1_4' title='bbox 445 687 481 749; x_wconf 89' lang='lat' dir='ltr'><strong>ut</strong></span> <span class='ocrx_word' id='word_1_5' title='bbox 497 682 663 749; x_wconf 76' lang='lat' dir='ltr'><strong>annuatim</strong></span> <span class='ocrx_word' id='word_1_6' title='bbox 690 681 725 750; x_wconf 91' lang='lat' dir='ltr'><strong>in</strong></span> <span class='ocrx_word' id='word_1_7' title='bbox 738 703 823 750; x_wconf 91' lang='lat' dir='ltr'><strong>cena</strong></span> <span class='ocrx_word' id='word_1_8' title='bbox 840 679 965 750; x_wconf 93' lang='lat' dir='ltr'><strong>domini</strong></span> <span class='ocrx_word' id='word_1_9' title='bbox 992 677 1222 770; x_wconf 70' lang='lat' dir='ltr'><strong>daecandele‚</strong></span> <span class='ocrx_word' id='word_1_10' title='bbox 1249 678 1291 749; x_wconf 88' lang='lat' dir='ltr'><strong>de</strong></span> <span class='ocrx_word' id='word_1_11' title='bbox 1309 701 1375 749; x_wconf 90' lang='lat' dir='ltr'><strong>una</strong></span> <span class='ocrx_word' id='word_1_12' title='bbox 1402 678 1578 770; x_wconf 76' lang='lat' dir='ltr'><strong>libraeerp</strong></span> <span class='ocrx_word' id='word_1_13' title='bbox 1605 679 1707 772; x_wconf 70' lang='lat' dir='ltr'><strong>facte,</strong></span> 
     </span>
     <span class='ocr_line' id='line_1_3' title="bbox 325 777 1707 875; baseline 0.001 -25"><span class='ocrx_word' id='word_1_14' title='bbox 325 779 405 850; x_wconf 88' lang='lat' dir='ltr'><strong>inde</strong></span> <span class='ocrx_word' id='word_1_15' title='bbox 430 779 682 872; x_wconf 69' lang='lat' dir='ltr'><strong>persoluantur7</strong></span> <span class='ocrx_word' id='word_1_16' title='bbox 710 802 772 873; x_wconf 71' lang='lat' dir='ltr'><strong>que</strong></span> <span class='ocrx_word' id='word_1_17' title='bbox 799 780 841 849; x_wconf 92' lang='lat' dir='ltr'><strong>ad</strong></span> <span class='ocrx_word' id='word_1_18' title='bbox 869 780 934 851; x_wconf 91' lang='lat' dir='ltr'><strong>hoc</strong></span> <span class='ocrx_word' id='word_1_19' title='bbox 960 779 1147 850; x_wconf 86' lang='lat' dir='ltr'><strong>destinate.</strong></span> <span class='ocrx_word' id='word_1_20' title='bbox 1186 789 1222 849; x_wconf 94' lang='lat' dir='ltr'><strong>ut</strong></span> <span class='ocrx_word' id='word_1_21' title='bbox 1256 777 1396 849; x_wconf 76' lang='lat' dir='ltr'><strong>ardeant</strong></span> <span class='ocrx_word' id='word_1_22' title='bbox 1420 782 1454 848; x_wconf 92' lang='lat' dir='ltr'><strong>in</strong></span> <span class='ocrx_word' id='word_1_23' title='bbox 1481 783 1607 875; x_wconf 69' lang='lat' dir='ltr'><strong>cripta,</strong></span> <span class='ocrx_word' id='word_1_24' title='bbox 1649 780 1707 851; x_wconf 84' lang='lat' dir='ltr'><strong>uhi</strong></span> 
     </span>
     <span class='ocr_line' id='line_1_4' title="bbox 326 879 1703 974; baseline 0.003 -26"><span class='ocrx_word' id='word_1_25' title='bbox 326 899 412 949; x_wconf 87' lang='lat' dir='ltr'><strong>crux</strong></span> <span class='ocrx_word' id='word_1_26' title='bbox 437 881 471 948; x_wconf 92' lang='lat' dir='ltr'><strong>in</strong></span> <span class='ocrx_word' id='word_1_27' title='bbox 497 899 686 974; x_wconf 88' lang='lat' dir='ltr'><strong>parasceue</strong></span> <span class='ocrx_word' id='word_1_28' title='bbox 713 879 897 974; x_wconf 67' lang='lat' dir='ltr'><strong>sepelitur,</strong></span> <span class='ocrx_word' id='word_1_29' title='bbox 931 889 965 950; x_wconf 89' lang='lat' dir='ltr'><strong>et</strong></span> <span class='ocrx_word' id='word_1_30' title='bbox 990 888 1027 949; x_wconf 93' lang='lat' dir='ltr'><strong>ut</strong></span> <span class='ocrx_word' id='word_1_31' title='bbox 1051 879 1197 949; x_wconf 83' lang='lat' dir='ltr'><strong>heredes</strong></span> <span class='ocrx_word' id='word_1_32' title='bbox 1225 882 1298 950; x_wconf 85' lang='lat' dir='ltr'><strong>aius</strong></span> <span class='ocrx_word' id='word_1_33' title='bbox 1325 882 1401 974; x_wconf 89' lang='lat' dir='ltr'><strong>ipso</strong></span> <span class='ocrx_word' id='word_1_34' title='bbox 1427 901 1560 951; x_wconf 88' lang='lat' dir='ltr'><strong>canone</strong></span> <span class='ocrx_word' id='word_1_35' title='bbox 1588 880 1703 952; x_wconf 88' lang='lat' dir='ltr'><strong>soluto</strong></span> 
     </span>
     <span class='ocr_line' id='line_1_5' title="bbox 326 977 1759 1074; baseline 0.001 -24"><span class='ocrx_word' id='word_1_36' title='bbox 326 977 469 1050; x_wconf 90' lang='lat' dir='ltr'><strong>eandem</strong></span> <span class='ocrx_word' id='word_1_37' title='bbox 494 982 755 1074; x_wconf 90' lang='lat' dir='ltr'><strong>possessionem</strong></span> <span class='ocrx_word' id='word_1_38' title='bbox 781 978 889 1050; x_wconf 91' lang='lat' dir='ltr'><strong>libere</strong></span> <span class='ocrx_word' id='word_1_39' title='bbox 916 978 1125 1073; x_wconf 82' lang='lat' dir='ltr'><strong>possideant.</strong></span> <span class='ocrx_word' id='word_1_40' title='bbox 1166 978 1210 1048; x_wconf 90' lang='lat' dir='ltr'><strong>Vt</strong></span> <span class='ocrx_word' id='word_1_41' title='bbox 1235 989 1346 1049; x_wconf 89' lang='lat' dir='ltr'><strong>autem</strong></span> <span class='ocrx_word' id='word_1_42' title='bbox 1373 979 1438 1050; x_wconf 85' lang='lat' dir='ltr'><strong>hec</strong></span> <span class='ocrx_word' id='word_1_43' title='bbox 1463 980 1605 1051; x_wconf 79' lang='lat' dir='ltr'><strong>tradicio</strong></span> <span class='ocrx_word' id='word_1_44' title='bbox 1632 991 1708 1052; x_wconf 78' lang='lat' dir='ltr'><strong>rata</strong></span> <span class='ocrx_word' id='word_1_45' title='bbox 1755 1009 1759 1015; x_wconf 95' lang='lat'>·</span> 
     </span>
     <span class='ocr_line' id='line_1_6' title="bbox 326 1077 1708 1174; baseline 0.001 -24"><span class='ocrx_word' id='word_1_46' title='bbox 326 1088 361 1150; x_wconf 87' lang='lat' dir='ltr'><strong>ct</strong></span> <span class='ocrx_word' id='word_1_47' title='bbox 385 1077 587 1150; x_wconf 89' lang='lat' dir='ltr'><strong>inconuulsa</strong></span> <span class='ocrx_word' id='word_1_48' title='bbox 613 1089 823 1173; x_wconf 58' lang='lat' dir='ltr'><strong>permaneat„</strong></span> <span class='ocrx_word' id='word_1_49' title='bbox 851 1079 975 1173; x_wconf 82' lang='lat' dir='ltr'>placuit</span> <span class='ocrx_word' id='word_1_50' title='bbox 1002 1099 1076 1148; x_wconf 92' lang='lat' dir='ltr'><strong>eam</strong></span> <span class='ocrx_word' id='word_1_51' title='bbox 1103 1078 1208 1171; x_wconf 83' lang='lat' dir='ltr'><strong>sigilli</strong></span> <span class='ocrx_word' id='word_1_52' title='bbox 1231 1083 1341 1150; x_wconf 79' lang='lat' dir='ltr'><strong>nostri</strong></span> <span class='ocrx_word' id='word_1_53' title='bbox 1363 1083 1592 1174; x_wconf 88' lang='lat' dir='ltr'><strong>impressione</strong></span> <span class='ocrx_word' id='word_1_54' title='bbox 1614 1103 1708 1151; x_wconf 91' lang='lat' dir='ltr'><strong>oon-</strong></span> 
     </span>
    </p>
   </div>
   <div class='ocr_carea' id='block_1_3' title="bbox 191 1177 1709 1271">
    <p class='ocr_par' dir='ltr' id='par_1_3' title="bbox 191 1177 1709 1271">
     <span class='ocr_line' id='line_1_7' title="bbox 191 1177 1709 1271; baseline 0 -21"><span class='ocrx_word' id='word_1_55' title='bbox 191 1197 196 1200; x_wconf 77' lang='lat'>·</span> <span class='ocrx_word' id='word_1_56' title='bbox 325 1181 492 1271; x_wconf 77' lang='lat' dir='ltr'><strong>signatam</strong></span> <span class='ocrx_word' id='word_1_57' title='bbox 521 1178 696 1249; x_wconf 84' lang='lat' dir='ltr'><strong>exhibere.</strong></span> <span class='ocrx_word' id='word_1_58' title='bbox 747 1177 852 1250; x_wconf 87' lang='lat' dir='ltr'><strong>Huius</strong></span> <span class='ocrx_word' id='word_1_59' title='bbox 879 1181 930 1248; x_wconf 91' lang='lat' dir='ltr'><strong>rei</strong></span> <span class='ocrx_word' id='word_1_60' title='bbox 956 1179 1045 1248; x_wconf 87' lang='lat' dir='ltr'><strong>lacte</strong></span> <span class='ocrx_word' id='word_1_61' title='bbox 1071 1178 1116 1248; x_wconf 92' lang='lat' dir='ltr'><strong>hii</strong></span> <span class='ocrx_word' id='word_1_62' title='bbox 1143 1187 1220 1250; x_wconf 91' lang='lat' dir='ltr'><strong>sunt</strong></span> <span class='ocrx_word' id='word_1_63' title='bbox 1245 1187 1377 1251; x_wconf 89' lang='lat' dir='ltr'><strong>testes:</strong></span> <span class='ocrx_word' id='word_1_64' title='bbox 1406 1179 1571 1252; x_wconf 85' lang='lat' dir='ltr'><strong>Albertus</strong></span> <span class='ocrx_word' id='word_1_65' title='bbox 1598 1183 1709 1251; x_wconf 89' lang='lat' dir='ltr'><strong>maior</strong></span> 
     </span>
    </p>
   </div>
   <div class='ocr_carea' id='block_1_4' title="bbox 324 1277 1708 1772">
    <p class='ocr_par' dir='ltr' id='par_1_4' title="bbox 324 1277 1708 1772">
     <span class='ocr_line' id='line_1_8' title="bbox 324 1277 1704 1373; baseline 0.002 -26"><span class='ocrx_word' id='word_1_66' title='bbox 324 1282 532 1373; x_wconf 66' lang='lat' dir='ltr'><strong>prepositus,</strong></span> <span class='ocrx_word' id='word_1_67' title='bbox 559 1277 755 1348; x_wconf 86' lang='lat' dir='ltr'><strong>Gotefridus</strong></span> <span class='ocrx_word' id='word_1_68' title='bbox 781 1279 943 1368; x_wconf 61' lang='lat' dir='ltr'><strong>decanum</strong></span> <span class='ocrx_word' id='word_1_69' title='bbox 970 1277 1165 1350; x_wconf 84' lang='lat' dir='ltr'><strong>Gotelridus</strong></span> <span class='ocrx_word' id='word_1_70' title='bbox 1194 1289 1332 1368; x_wconf 67' lang='lat' dir='ltr'><strong>cantor,</strong></span> <span class='ocrx_word' id='word_1_71' title='bbox 1360 1280 1554 1357; x_wconf 85' lang='lat' dir='ltr'><strong>Gotefridus</strong></span> <span class='ocrx_word' id='word_1_72' title='bbox 1582 1281 1704 1352; x_wconf 86' lang='lat' dir='ltr'><strong>scola-</strong></span> 
     </span>
     <span class='ocr_line' id='line_1_9' title="bbox 325 1377 1706 1468; baseline 0.001 -18"><span class='ocrx_word' id='word_1_73' title='bbox 325 1382 451 1468; x_wconf 66' lang='lat' dir='ltr'><strong>sticus,</strong></span> <span class='ocrx_word' id='word_1_74' title='bbox 488 1377 704 1449; x_wconf 84' lang='lat' dir='ltr'><strong>Eberhardus</strong></span> <span class='ocrx_word' id='word_1_75' title='bbox 732 1377 774 1448; x_wconf 88' lang='lat' dir='ltr'><strong>de</strong></span> <span class='ocrx_word' id='word_1_76' title='bbox 799 1377 992 1468; x_wconf 75' lang='lat' dir='ltr'><strong>Marmore,</strong></span> <span class='ocrx_word' id='word_1_77' title='bbox 1027 1378 1202 1450; x_wconf 85' lang='lat' dir='ltr'><strong>Conradus</strong></span> <span class='ocrx_word' id='word_1_78' title='bbox 1237 1377 1279 1448; x_wconf 91' lang='lat' dir='ltr'><strong>de</strong></span> <span class='ocrx_word' id='word_1_79' title='bbox 1312 1379 1484 1466; x_wconf 86' lang='lat' dir='ltr'><strong>Frohurc‚</strong></span> <span class='ocrx_word' id='word_1_80' title='bbox 1528 1380 1706 1452; x_wconf 82' lang='lat' dir='ltr'><strong>Conradus</strong></span> 
     </span>
     <span class='ocr_line' id='line_1_10' title="bbox 324 1477 1708 1573; baseline 0.001 -23"><span class='ocrx_word' id='word_1_81' title='bbox 324 1482 549 1573; x_wconf 87' lang='lat' dir='ltr'><strong>portenarius.</strong></span> <span class='ocrx_word' id='word_1_82' title='bbox 590 1478 702 1548; x_wconf 91' lang='lat' dir='ltr'><strong>Laici:</strong></span> <span class='ocrx_word' id='word_1_83' title='bbox 729 1477 818 1550; x_wconf 88' lang='lat' dir='ltr'><strong>Boto</strong></span> <span class='ocrx_word' id='word_1_84' title='bbox 837 1481 870 1550; x_wconf 94' lang='lat' dir='ltr'><strong>in</strong></span> <span class='ocrx_word' id='word_1_85' title='bbox 886 1479 992 1568; x_wconf 76' lang='lat' dir='ltr'><strong>Foro,</strong></span> <span class='ocrx_word' id='word_1_86' title='bbox 1017 1478 1187 1550; x_wconf 91' lang='lat' dir='ltr'><strong>Heroldus</strong></span> <span class='ocrx_word' id='word_1_87' title='bbox 1206 1477 1326 1568; x_wconf 67' lang='lat' dir='ltr'><strong>Rufus,</strong></span> <span class='ocrx_word' id='word_1_88' title='bbox 1353 1479 1524 1552; x_wconf 89' lang='lat' dir='ltr'><strong>lleroldus</strong></span> <span class='ocrx_word' id='word_1_89' title='bbox 1551 1484 1584 1550; x_wconf 92' lang='lat' dir='ltr'><strong>in</strong></span> <span class='ocrx_word' id='word_1_90' title='bbox 1599 1479 1708 1570; x_wconf 78' lang='lat' dir='ltr'><strong>noro,</strong></span> 
     </span>
     <span class='ocr_line' id='line_1_11' title="bbox 325 1577 1708 1669; baseline 0.002 -21"><span class='ocrx_word' id='word_1_91' title='bbox 325 1577 403 1648; x_wconf 88' lang='lat' dir='ltr'><strong>Otto</strong></span> <span class='ocrx_word' id='word_1_92' title='bbox 431 1588 464 1647; x_wconf 91' lang='lat' dir='ltr'><strong>et</strong></span> <span class='ocrx_word' id='word_1_93' title='bbox 490 1577 596 1648; x_wconf 87' lang='lat' dir='ltr'><strong>irater</strong></span> <span class='ocrx_word' id='word_1_94' title='bbox 623 1579 696 1648; x_wconf 91' lang='lat' dir='ltr'><strong>eius</strong></span> <span class='ocrx_word' id='word_1_95' title='bbox 723 1578 842 1667; x_wconf 74' lang='lat' dir='ltr'><strong>Arno,</strong></span> <span class='ocrx_word' id='word_1_96' title='bbox 881 1577 1056 1649; x_wconf 83' lang='lat' dir='ltr'><strong>Cunradus</strong></span> <span class='ocrx_word' id='word_1_97' title='bbox 1092 1578 1132 1648; x_wconf 89' lang='lat' dir='ltr'><strong>de</strong></span> <span class='ocrx_word' id='word_1_98' title='bbox 1158 1577 1399 1669; x_wconf 75' lang='lat' dir='ltr'><strong>Birkeneuen,</strong></span> <span class='ocrx_word' id='word_1_99' title='bbox 1439 1579 1636 1651; x_wconf 86' lang='lat' dir='ltr'><strong>Gotefridus</strong></span> <span class='ocrx_word' id='word_1_100' title='bbox 1665 1580 1708 1651; x_wconf 90' lang='lat' dir='ltr'><strong>de</strong></span> 
     </span>
     <span class='ocr_line' id='line_1_12' title="bbox 325 1675 1251 1772; baseline -0.001 -24"><span class='ocrx_word' id='word_1_101' title='bbox 325 1675 560 1766; x_wconf 71' lang='lat' dir='ltr'><strong>Gowenheim</strong></span> <span class='ocrx_word' id='word_1_102' title='bbox 586 1676 825 1751; x_wconf 88' lang='lat' dir='ltr'><strong>Erkenboldus</strong></span> <span class='ocrx_word' id='word_1_103' title='bbox 853 1689 887 1750; x_wconf 90' lang='lat' dir='ltr'><strong>et</strong></span> <span class='ocrx_word' id='word_1_104' title='bbox 914 1680 971 1750; x_wconf 93' lang='lat' dir='ltr'><strong>alii</strong></span> <span class='ocrx_word' id='word_1_105' title='bbox 997 1701 1094 1772; x_wconf 86' lang='lat' dir='ltr'><strong>quam</strong></span> <span class='ocrx_word' id='word_1_106' title='bbox 1123 1679 1251 1772; x_wconf 89' lang='lat' dir='ltr'><strong>plures.</strong></span> 
     </span>
    </p>
   </div>
   <div class='ocr_carea' id='block_1_5' title="bbox 536 1875 1489 1959">
    <p class='ocr_par' dir='ltr' id='par_1_5' title="bbox 536 1875 1489 1959">
     <span class='ocr_line' id='line_1_13' title="bbox 536 1875 1489 1959; baseline 0.006 -23"><span class='ocrx_word' id='word_1_107' title='bbox 536 1875 671 1957; x_wconf 80' lang='lat' dir='ltr'><strong>Sigillum</strong></span> <span class='ocrx_word' id='word_1_108' title='bbox 694 1876 815 1959; x_wconf 85' lang='lat' dir='ltr'><strong>collegii</strong></span> <span class='ocrx_word' id='word_1_109' title='bbox 839 1875 869 1938; x_wconf 86' lang='lat' dir='ltr'><strong>S.</strong></span> <span class='ocrx_word' id='word_1_110' title='bbox 893 1875 999 1939; x_wconf 89' lang='lat' dir='ltr'><strong>Kiliani</strong></span> <span class='ocrx_word' id='word_1_111' title='bbox 1023 1876 1061 1938; x_wconf 91' lang='lat' dir='ltr'><strong>de</strong></span> <span class='ocrx_word' id='word_1_112' title='bbox 1084 1877 1172 1938; x_wconf 93' lang='lat' dir='ltr'><strong>domo</strong></span> <span class='ocrx_word' id='word_1_113' title='bbox 1195 1881 1373 1957; x_wconf 91' lang='lat' dir='ltr'><strong>impressum</strong></span> <span class='ocrx_word' id='word_1_114' title='bbox 1396 1879 1489 1943; x_wconf 88' lang='lat' dir='ltr'><strong>adest.</strong></span> 
     </span>
    </p>
   </div>
   <div class='ocr_carea' id='block_1_6' title="bbox 982 2330 1061 2404">
    <p class='ocr_par' dir='ltr' id='par_1_6' title="bbox 982 2330 1061 2404">
     <span class='ocr_line' id='line_1_14' title="bbox 982 2330 1061 2404; baseline -0.013 -3"><span class='ocrx_word' id='word_1_115' title='bbox 982 2330 1061 2404; x_wconf 87' lang='lat' dir='ltr'><strong>CLI.</strong></span> 
     </span>
    </p>
   </div>
   <div class='ocr_carea' id='block_1_7' title="bbox 912 2523 1120 2591">
    <p class='ocr_par' dir='ltr' id='par_1_7' title="bbox 912 2523 1120 2591">
     <span class='ocr_line' id='line_1_15' title="bbox 912 2523 1120 2591; baseline 0.005 -2"><span class='ocrx_word' id='word_1_116' title='bbox 912 2528 998 2590; x_wconf 85' lang='lat' dir='ltr'><strong>Anno</strong></span> <span class='ocrx_word' id='word_1_117' title='bbox 1030 2523 1120 2591; x_wconf 87' lang='lat'><strong>1192.</strong></span> 
     </span>
    </p>
   </div>
   <div class='ocr_carea' id='block_1_8' title="bbox 325 2709 1709 3110">
    <p class='ocr_par' dir='ltr' id='par_1_8' title="bbox 325 2709 1709 2808">
     <span class='ocr_line' id='line_1_16' title="bbox 325 2709 1709 2808; baseline 0 -22"><span class='ocrx_word' id='word_1_118' title='bbox 325 2709 505 2786; x_wconf 85' lang='lat' dir='ltr'><strong>Heinricus</strong></span> <span class='ocrx_word' id='word_1_119' title='bbox 533 2715 714 2806; x_wconf 88' lang='lat' dir='ltr'><strong>episcopus</strong></span> <span class='ocrx_word' id='word_1_120' title='bbox 743 2721 858 2784; x_wconf 90' lang='lat' dir='ltr'><strong>notum</strong></span> <span class='ocrx_word' id='word_1_121' title='bbox 883 2713 975 2798; x_wconf 73' lang='lat' dir='ltr'><strong>lacit.</strong></span> <span class='ocrx_word' id='word_1_122' title='bbox 1003 2713 1096 2808; x_wconf 84' lang='lat' dir='ltr'><strong>quod</strong></span> <span class='ocrx_word' id='word_1_123' title='bbox 1122 2713 1285 2808; x_wconf 87' lang='lat' dir='ltr'><strong>plebanus</strong></span> <span class='ocrx_word' id='word_1_124' title='bbox 1313 2713 1485 2786; x_wconf 87' lang='lat' dir='ltr'><strong>ecclesiae</strong></span> <span class='ocrx_word' id='word_1_125' title='bbox 1513 2715 1709 2787; x_wconf 83' lang='lat' dir='ltr'><strong>inRiclrol-</strong></span> 
     </span>
    </p>

    <p class='ocr_par' dir='ltr' id='par_1_9' title="bbox 325 2811 1709 2910">
     <span class='ocr_line' id='line_1_17' title="bbox 325 2811 1709 2910; baseline 0.002 -26"><span class='ocrx_word' id='word_1_126' title='bbox 325 2812 478 2888; x_wconf 88' lang='lat' dir='ltr'><strong>uesheim</strong></span> <span class='ocrx_word' id='word_1_127' title='bbox 506 2811 668 2906; x_wconf 87' lang='lat' dir='ltr'><strong>quaedam</strong></span> <span class='ocrx_word' id='word_1_128' title='bbox 696 2812 786 2887; x_wconf 85' lang='lat' dir='ltr'><strong>bona</strong></span> <span class='ocrx_word' id='word_1_129' title='bbox 812 2812 1058 2886; x_wconf 87' lang='lat' dir='ltr'><strong>inVssinkeim</strong></span> <span class='ocrx_word' id='word_1_130' title='bbox 1088 2813 1197 2884; x_wconf 85' lang='lat' dir='ltr'><strong>eidem</strong></span> <span class='ocrx_word' id='word_1_131' title='bbox 1227 2816 1476 2906; x_wconf 80' lang='lat' dir='ltr'><strong>assignavit&#39;in</strong></span> <span class='ocrx_word' id='word_1_132' title='bbox 1497 2838 1709 2910; x_wconf 87' lang='lat' dir='ltr'><strong>recompen-</strong></span> 
     </span>
    </p>

    <p class='ocr_par' dir='ltr' id='par_1_10' title="bbox 326 2911 1709 3110">
     <span class='ocr_line' id='line_1_18' title="bbox 326 2911 1709 3010; baseline 0 -24"><span class='ocrx_word' id='word_1_133' title='bbox 326 2917 492 2986; x_wconf 88' lang='lat' dir='ltr'><strong>sationem</strong></span> <span class='ocrx_word' id='word_1_134' title='bbox 528 2911 744 2984; x_wconf 88' lang='lat' dir='ltr'><strong>denariorum</strong></span> <span class='ocrx_word' id='word_1_135' title='bbox 778 2913 964 2985; x_wconf 88' lang='lat' dir='ltr'><strong>missalium</strong></span> <span class='ocrx_word' id='word_1_136' title='bbox 1002 2913 1042 2984; x_wconf 87' lang='lat' dir='ltr'><strong>ab</strong></span> <span class='ocrx_word' id='word_1_137' title='bbox 1077 2913 1231 2986; x_wconf 92' lang='lat' dir='ltr'><strong>omnibus</strong></span> <span class='ocrx_word' id='word_1_138' title='bbox 1258 2913 1472 3010; x_wconf 81' lang='lat' dir='ltr'><strong>parochianis</strong></span> <span class='ocrx_word' id='word_1_139' title='bbox 1501 2926 1599 2986; x_wconf 86' lang='lat' dir='ltr'><strong>antea</strong></span> <span class='ocrx_word' id='word_1_140' title='bbox 1626 2915 1709 2987; x_wconf 91' lang='lat' dir='ltr'><strong>sol-</strong></span> 
     </span>
     <span class='ocr_line' id='line_1_19' title="bbox 386 3013 1641 3110; baseline 0.001 -26"><span class='ocrx_word' id='word_1_141' title='bbox 386 3013 587 3102; x_wconf 69' lang='lat' dir='ltr'><strong>ventorum,</strong></span> <span class='ocrx_word' id='word_1_142' title='bbox 613 3036 702 3083; x_wconf 92' lang='lat' dir='ltr'><strong>nunc</strong></span> <span class='ocrx_word' id='word_1_143' title='bbox 727 3035 813 3084; x_wconf 91' lang='lat' dir='ltr'><strong>vero</strong></span> <span class='ocrx_word' id='word_1_144' title='bbox 841 3017 1009 3086; x_wconf 86' lang='lat' dir='ltr'><strong>sententia</strong></span> <span class='ocrx_word' id='word_1_145' title='bbox 1035 3014 1209 3107; x_wconf 83' lang='lat' dir='ltr'><strong>generalis</strong></span> <span class='ocrx_word' id='word_1_146' title='bbox 1239 3013 1362 3110; x_wconf 75' lang='lat' dir='ltr'><strong>synodi</strong></span> <span class='ocrx_word' id='word_1_147' title='bbox 1389 3013 1641 3108; x_wconf 85' lang='lat' dir='ltr'><strong>abrogatorum.</strong></span> 
     </span>
    </p>
   </div>
   <div class='ocr_carea' id='block_1_9' title="bbox 324 3165 1750 4161">
    <p class='ocr_par' dir='ltr' id='par_1_11' title="bbox 324 3165 1750 4161">
     <span class='ocr_line' id='line_1_20' title="bbox 431 3165 1712 3261; baseline -0.001 -23"><span class='ocrx_word' id='word_1_148' title='bbox 431 3166 469 3238; x_wconf 84' lang='grc' dir='ltr'><strong>Ο.</strong></span> <span class='ocrx_word' id='word_1_149' title='bbox 499 3165 535 3237; x_wconf 84' lang='grc' dir='ltr'><strong>1η</strong></span> <span class='ocrx_word' id='word_1_150' title='bbox 553 3171 691 3238; x_wconf 87' lang='lat' dir='ltr'><strong>nomine</strong></span> <span class='ocrx_word' id='word_1_151' title='bbox 708 3179 824 3258; x_wconf 69' lang='lat' dir='ltr'><strong>sancte</strong></span> <span class='ocrx_word' id='word_1_152' title='bbox 840 3179 874 3238; x_wconf 86' lang='lat' dir='ltr'><strong>et</strong></span> <span class='ocrx_word' id='word_1_153' title='bbox 889 3167 1056 3258; x_wconf 70' lang='lat' dir='ltr'><strong>indiuidua</strong></span> <span class='ocrx_word' id='word_1_154' title='bbox 1072 3170 1237 3238; x_wconf 81' lang='lat' dir='ltr'><strong>trinitatis.</strong></span> <span class='ocrx_word' id='word_1_155' title='bbox 1265 3168 1417 3238; x_wconf 88' lang='lat' dir='ltr'><strong>Heinri</strong></span> <span class='ocrx_word' id='word_1_156' title='bbox 1429 3189 1502 3239; x_wconf 89' lang='lat' dir='ltr'><strong>cus</strong></span> <span class='ocrx_word' id='word_1_157' title='bbox 1529 3167 1582 3238; x_wconf 88' lang='lat' dir='ltr'><strong>dei</strong></span> <span class='ocrx_word' id='word_1_158' title='bbox 1602 3171 1712 3261; x_wconf 84' lang='lat' dir='ltr'><strong>gratia</strong></span> 
     </span>
     <span class='ocr_line' id='line_1_21' title="bbox 327 3266 1710 3362; baseline -0.001 -25"><span class='ocrx_word' id='word_1_159' title='bbox 327 3267 622 3360; x_wconf 66' lang='lat' dir='ltr'><strong>wirzeburgensis</strong></span> <span class='ocrx_word' id='word_1_160' title='bbox 653 3269 804 3357; x_wconf 76' lang='lat' dir='ltr'><strong>ecclesie</strong></span> <span class='ocrx_word' id='word_1_161' title='bbox 833 3272 1027 3362; x_wconf 89' lang='lat' dir='ltr'><strong>episcopus.</strong></span> <span class='ocrx_word' id='word_1_162' title='bbox 1078 3266 1134 3339; x_wconf 86' lang='lat' dir='ltr'><strong>Ad</strong></span> <span class='ocrx_word' id='word_1_163' title='bbox 1169 3267 1375 3338; x_wconf 83' lang='lat' dir='ltr'><strong>cohibendas</strong></span> <span class='ocrx_word' id='word_1_164' title='bbox 1408 3271 1625 3362; x_wconf 46' lang='lat' dir='ltr'><strong>posteritatis*</strong></span> <span class='ocrx_word' id='word_1_165' title='bbox 1645 3291 1710 3336; x_wconf 85' lang='lat' dir='ltr'><strong>ca-</strong></span> 
     </span>
     <span class='ocr_line' id='line_1_22' title="bbox 327 3367 1711 3462; baseline 0 -24"><span class='ocrx_word' id='word_1_166' title='bbox 327 3367 494 3462; x_wconf 88' lang='lat' dir='ltr'><strong>lumpnias</strong></span> <span class='ocrx_word' id='word_1_167' title='bbox 531 3371 672 3462; x_wconf 86' lang='lat' dir='ltr'><strong>eiusque</strong></span> <span class='ocrx_word' id='word_1_168' title='bbox 698 3372 868 3442; x_wconf 88' lang='lat' dir='ltr'><strong>uersutias</strong></span> <span class='ocrx_word' id='word_1_169' title='bbox 903 3367 1048 3438; x_wconf 91' lang='lat' dir='ltr'><strong>humano</strong></span> <span class='ocrx_word' id='word_1_170' title='bbox 1085 3371 1205 3459; x_wconf 82' lang='lat' dir='ltr'><strong>generi</strong></span> <span class='ocrx_word' id='word_1_171' title='bbox 1239 3368 1449 3461; x_wconf 75' lang='lat' dir='ltr'><strong>frequentius</strong></span> <span class='ocrx_word' id='word_1_172' title='bbox 1484 3367 1711 3462; x_wconf 87' lang='lat' dir='ltr'><strong>subrepentes</strong></span> 
     </span>
     <span class='ocr_line' id='line_1_23' title="bbox 329 3466 1710 3562; baseline -0.001 -24"><span class='ocrx_word' id='word_1_173' title='bbox 329 3467 477 3538; x_wconf 87' lang='lat' dir='ltr'><strong>indebite</strong></span> <span class='ocrx_word' id='word_1_174' title='bbox 504 3469 759 3556; x_wconf 63' lang='lat' dir='ltr'><strong>interimendas</strong></span> <span class='ocrx_word' id='word_1_175' title='bbox 787 3472 967 3540; x_wconf 86' lang='lat' dir='ltr'><strong>consueuit</strong></span> <span class='ocrx_word' id='word_1_176' title='bbox 992 3471 1047 3562; x_wconf 90' lang='lat' dir='ltr'><strong>pia</strong></span> <span class='ocrx_word' id='word_1_177' title='bbox 1071 3466 1313 3537; x_wconf 87' lang='lat' dir='ltr'><strong>modernorum</strong></span> <span class='ocrx_word' id='word_1_178' title='bbox 1333 3471 1604 3562; x_wconf 71' lang='lat' dir='ltr'><strong>circumspectio.</strong></span> <span class='ocrx_word' id='word_1_179' title='bbox 1632 3477 1710 3537; x_wconf 83' lang='lat' dir='ltr'><strong>sta-</strong></span> 
     </span>
     <span class='ocr_line' id='line_1_24' title="bbox 327 3565 1710 3660; baseline -0.002 -22"><span class='ocrx_word' id='word_1_180' title='bbox 327 3578 396 3639; x_wconf 87' lang='lat' dir='ltr'><strong>tuta</strong></span> <span class='ocrx_word' id='word_1_181' title='bbox 425 3590 484 3659; x_wconf 74' lang='lat' dir='ltr'><strong>sue</strong></span> <span class='ocrx_word' id='word_1_182' title='bbox 512 3567 751 3640; x_wconf 84' lang='lat' dir='ltr'><strong>sollicitudinis</strong></span> <span class='ocrx_word' id='word_1_183' title='bbox 781 3571 951 3638; x_wconf 86' lang='lat' dir='ltr'><strong>autentico</strong></span> <span class='ocrx_word' id='word_1_184' title='bbox 979 3571 1143 3660; x_wconf 74' lang='lat' dir='ltr'><strong>scripture</strong></span> <span class='ocrx_word' id='word_1_185' title='bbox 1171 3566 1287 3638; x_wconf 91' lang='lat' dir='ltr'><strong>baiolo</strong></span> <span class='ocrx_word' id='word_1_186' title='bbox 1313 3571 1539 3654; x_wconf 68' lang='lat' dir='ltr'><strong>committere.</strong></span> <span class='ocrx_word' id='word_1_187' title='bbox 1564 3591 1609 3638; x_wconf 93' lang='lat' dir='ltr'><strong>ne</strong></span> <span class='ocrx_word' id='word_1_188' title='bbox 1629 3565 1710 3636; x_wconf 89' lang='lat' dir='ltr'><strong>diu-</strong></span> 
     </span>
     <span class='ocr_line' id='line_1_25' title="bbox 327 3665 1710 3764; baseline -0.001 -24"><span class='ocrx_word' id='word_1_189' title='bbox 327 3677 426 3740; x_wconf 85' lang='lat' dir='ltr'><strong>turno</strong></span> <span class='ocrx_word' id='word_1_190' title='bbox 463 3672 628 3764; x_wconf 86' lang='lat' dir='ltr'><strong>temporis</strong></span> <span class='ocrx_word' id='word_1_191' title='bbox 661 3679 768 3739; x_wconf 89' lang='lat' dir='ltr'><strong>tractu</strong></span> <span class='ocrx_word' id='word_1_192' title='bbox 792 3667 958 3738; x_wconf 84' lang='lat' dir='ltr'><strong>bonorum</strong></span> <span class='ocrx_word' id='word_1_193' title='bbox 985 3671 1114 3738; x_wconf 79' lang='lat' dir='ltr'><strong>noticia</strong></span> <span class='ocrx_word' id='word_1_194' title='bbox 1139 3665 1318 3754; x_wconf 78' lang='lat' dir='ltr'><strong>excidant,</strong></span> <span class='ocrx_word' id='word_1_195' title='bbox 1351 3689 1417 3737; x_wconf 89' lang='lat' dir='ltr'><strong>nec</strong></span> <span class='ocrx_word' id='word_1_196' title='bbox 1443 3677 1562 3758; x_wconf 80' lang='lat' dir='ltr'><strong>arguta</strong></span> <span class='ocrx_word' id='word_1_197' title='bbox 1589 3665 1710 3738; x_wconf 91' lang='lat' dir='ltr'><strong>liuoris</strong></span> 
     </span>
     <span class='ocr_line' id='line_1_26' title="bbox 327 3765 1750 3864; baseline -0.001 -26"><span class='ocrx_word' id='word_1_198' title='bbox 327 3771 498 3839; x_wconf 91' lang='lat' dir='ltr'><strong>cauillatio</strong></span> <span class='ocrx_word' id='word_1_199' title='bbox 538 3768 615 3860; x_wconf 87' lang='lat' dir='ltr'><strong>quid</strong></span> <span class='ocrx_word' id='word_1_200' title='bbox 651 3773 683 3839; x_wconf 93' lang='lat' dir='ltr'><strong>in</strong></span> <span class='ocrx_word' id='word_1_201' title='bbox 718 3771 802 3864; x_wconf 90' lang='lat' dir='ltr'><strong>ipsis</strong></span> <span class='ocrx_word' id='word_1_202' title='bbox 831 3767 1084 3860; x_wconf 88' lang='lat' dir='ltr'><strong>corripiendum</strong></span> <span class='ocrx_word' id='word_1_203' title='bbox 1112 3769 1269 3836; x_wconf 89' lang='lat' dir='ltr'><strong>inueniat.</strong></span> <span class='ocrx_word' id='word_1_204' title='bbox 1323 3766 1394 3836; x_wconf 91' lang='lat' dir='ltr'><strong>Hac</strong></span> <span class='ocrx_word' id='word_1_205' title='bbox 1431 3769 1544 3860; x_wconf 89' lang='lat' dir='ltr'><strong>itaque</strong></span> <span class='ocrx_word' id='word_1_206' title='bbox 1584 3765 1710 3836; x_wconf 85' lang='lat' dir='ltr'><strong>inducti</strong></span> <span class='ocrx_word' id='word_1_207' title='bbox 1746 3837 1750 3847; x_wconf 78' lang='grc'><strong>,</strong></span> 
     </span>
     <span class='ocr_line' id='line_1_27' title="bbox 324 3866 1710 3961; baseline -0.002 -22"><span class='ocrx_word' id='word_1_208' title='bbox 324 3869 615 3956; x_wconf 62' lang='lat' dir='ltr'><strong>consideratione,</strong></span> <span class='ocrx_word' id='word_1_209' title='bbox 632 3871 819 3961; x_wconf 87' lang='lat' dir='ltr'><strong>cognitioni</strong></span> <span class='ocrx_word' id='word_1_210' title='bbox 842 3877 907 3936; x_wconf 92' lang='lat' dir='ltr'><strong>tam</strong></span> <span class='ocrx_word' id='word_1_211' title='bbox 925 3869 1146 3960; x_wconf 66' lang='lat' dir='ltr'><strong>presentium,</strong></span> <span class='ocrx_word' id='word_1_212' title='bbox 1173 3887 1269 3958; x_wconf 88' lang='lat' dir='ltr'><strong>quam</strong></span> <span class='ocrx_word' id='word_1_213' title='bbox 1291 3866 1477 3936; x_wconf 80' lang='lat' dir='ltr'><strong>futurorum</strong></span> <span class='ocrx_word' id='word_1_214' title='bbox 1494 3870 1710 3960; x_wconf 66' lang='lat' dir='ltr'><strong>exponimus.</strong></span> 
     </span>
     <span class='ocr_line' id='line_1_28' title="bbox 327 3965 1709 4062; baseline -0.002 -23"><span class='ocrx_word' id='word_1_215' title='bbox 327 3969 414 4061; x_wconf 88' lang='lat' dir='ltr'><strong>quod</strong></span> <span class='ocrx_word' id='word_1_216' title='bbox 441 3969 680 4059; x_wconf 76' lang='lat' dir='ltr'><strong>liuggcrus</strong></span> <span class='ocrx_word' id='word_1_217' title='bbox 719 3967 884 4062; x_wconf 90' lang='lat' dir='ltr'><strong>plebanus</strong></span> <span class='ocrx_word' id='word_1_218' title='bbox 921 3965 963 4036; x_wconf 88' lang='lat' dir='ltr'><strong>do</strong></span> <span class='ocrx_word' id='word_1_219' title='bbox 1000 3965 1377 4037; x_wconf 87' lang='lat' dir='ltr'><strong>Richoluesheim</strong></span> <span class='ocrx_word' id='word_1_220' title='bbox 1413 3965 1559 4059; x_wconf 82' lang='lat' dir='ltr'><strong>benigna</strong></span> <span class='ocrx_word' id='word_1_221' title='bbox 1596 3975 1709 4036; x_wconf 84' lang='lat' dir='ltr'><strong>motus</strong></span> 
     </span>
     <span class='ocr_line' id='line_1_29' title="bbox 325 4064 1710 4161; baseline -0.001 -24"><span class='ocrx_word' id='word_1_222' title='bbox 325 4065 621 4140; x_wconf 88' lang='lat' dir='ltr'><strong>animaduersione</strong></span> <span class='ocrx_word' id='word_1_223' title='bbox 639 4067 746 4161; x_wconf 89' lang='lat' dir='ltr'><strong>predii</strong></span> <span class='ocrx_word' id='word_1_224' title='bbox 770 4070 822 4137; x_wconf 88' lang='lat' dir='ltr'><strong>sui</strong></span> <span class='ocrx_word' id='word_1_225' title='bbox 843 4065 939 4137; x_wconf 71' lang='lat' dir='ltr'><strong>llll0f·</strong></span> <span class='ocrx_word' id='word_1_226' title='bbox 967 4067 1087 4158; x_wconf 82' lang='lat' dir='ltr'><strong>iugera</strong></span> <span class='ocrx_word' id='word_1_227' title='bbox 1105 4069 1292 4155; x_wconf 75' lang='lat' dir='ltr'><strong>uinearum,</strong></span> <span class='ocrx_word' id='word_1_228' title='bbox 1320 4076 1353 4136; x_wconf 86' lang='lat' dir='ltr'><strong>at</strong></span> <span class='ocrx_word' id='word_1_229' title='bbox 1366 4065 1489 4137; x_wconf 73' lang='lat' dir='ltr'><strong>xxxa</strong></span> <span class='ocrx_word' id='word_1_230' title='bbox 1511 4064 1624 4136; x_wconf 69' lang='lat' dir='ltr'><strong>Vll¹0m</strong></span> <span class='ocrx_word' id='word_1_231' title='bbox 1649 4069 1710 4136; x_wconf 90' lang='lat' dir='ltr'><strong>iu-</strong></span> 
     </span>
    </p>
   </div>
   <div class='ocr_carea' id='block_1_10' title="bbox 0 0 1903 4722">
    <p class='ocr_par' dir='ltr' id='par_1_12' title="bbox 0 0 1903 4722">
     <span class='ocr_line' id='line_1_30' title="bbox 0 0 1903 4722; baseline 0 0"><span class='ocrx_word' id='word_1_232' title='bbox 0 0 1903 4722; x_wconf 95' lang='lat' dir='ltr'><strong> </strong></span> 
     </span>
    </p>
   </div>
  </div>
 </body>
</html>
