3776 4730
606 459 823 562 episcopatus
856 427 1149 560 wimilurgensls.
1488 423 1573 542 tal

190 665 346 766 scriptis„
380 661 494 740 habito
523 689 626 764 super
652 665 718 738 hoc
745 667 879 762 capituli
914 669 1023 738 nostri
1059 687 1231 762 expresso
1267 685 1440 744 consensu
1476 677 1577 762 atque

192 769 301 843 verbo
338 769 553 840 decreuimus
588 789 649 864 pro
683 771 851 864 pensione
886 791 995 838 annua
1032 767 1286 862 prouidendum.
1346 769 1400 842 De
1435 767 1577 840 decimis

191 875 304 966 itaque
339 871 467 942 nostris
503 871 535 938 in
563 867 811 938 Bernlreim·
828 866 945 953 decem
974 867 1102 941 maldra
1128 872 1248 960 triticia
1275 881 1310 942 et
1336 871 1578 964 quinquaginta

189 969 318 1044 maldra
346 971 493 1064 siliginis
517 970 591 1064 puri
618 971 728 1062 grania
756 980 790 1038 et
816 964 938 1039 ibidem
967 968 1009 1039 de
1036 973 1163 1040 mansis
1189 972 1455 1064 nostrisviginti
1474 971 1578 1062 quiu-

191 1095 257 1168 que
282 1072 408 1144 talenta
436 1069 650 1140 hallensium.
702 1069 754 1138 De
782 1067 880 1140 bonis
908 1073 1036 1140 nostris
1073 1072 1104 1140 in
1130 1067 1431 1158 nottenhem,
1456 1079 1578 1140 nostro

191 1176 311 1268 precio
340 1173 558 1266 comparatis,
585 1172 705 1260 viginti
733 1173 878 1262 quinque
906 1169 1033 1245 talenta
1060 1169 1274 1242 hallensium.
1327 1171 1379 1246 De
1406 1167 1579 1241 Oltseu·

190 1273 206 1345 i
213 1271 313 1343 arth
334 1283 368 1344 et
381 1271 423 1341 de
438 1269 451 1340 l
464 1294 483 1365 p
495 1291 514 1366 p
528 1269 728 1342 ensheim
743 1271 800 1356 ito,
827 1269 917 1364 qnod
930 1290 1067 1366 semper
1081 1269 1123 1340 (le
1138 1269 1248 1342 altero
1264 1267 1418 1343 deiectus
1438 1269 1579 1342 alterius

199 1373 417 1468 suppleatur.
445 1380 588 1465 quatuor·
617 1380 767 1440 carratas
793 1373 863 1441 nini
891 1370 1043 1464 predicte
1070 1381 1226 1442 rnatrone
1251 1371 1410 1442 volumus
1437 1379 1472 1442 et
1492 1391 1581 1465 pre·

195 1477 286 1546 senti
314 1476 450 1568 scripto,
470 1473 647 1542 statuimus
676 1469 745 1540 dari
774 1474 943 1544 annuatim
971 1481 1125 1566 tempore
1152 1473 1314 1546 messium
1342 1483 1376 1543 et
1398 1471 1582 1566 autumpni

199 1579 244 1645 ita
272 1575 400 1660 eciam,
435 1571 524 1666 quod
560 1575 666 1664 ipsam
701 1575 732 1645 iu
767 1571 948 1642 solucione
974 1574 1150 1666 pensionis
1178 1569 1368 1646 huiusmodi
1394 1594 1456 1668 pro
1482 1567 1582 1645 nobis

196 1687 230 1748 et
260 1671 523 1747 successoribus
550 1673 678 1744 nostris
705 1667 858 1766 expediri
886 1675 1038 1766 primitus
1065 1692 1203 1768 semper
1223 1671 1396 1760 volumus,
1412 1680 1583 1767 etpostaa
1691 1716 1696 1730 ·

195 1771 370 1846 residuum
397 1773 439 1844 tle
467 1769 597 1844 eisdem
624 1771 723 1847 bonis
751 1775 878 1844 nostris
907 1769 1023 1846 tsibus
1051 1771 1214 1866 adoptari.
1266 1772 1431 1846 Preterea
1456 1775 1597 1846 surm--

196 1897 273 1951 ntus
301 1885 335 1946 et
362 1873 576 1946 decreuimus
603 1875 754 1966 presenti
782 1875 930 1966 scripto‚
966 1883 1002 1942 vt
1029 1871 1194 1944 alliciatus
1221 1883 1362 1960 nester,
1399 1875 1583 1967 assumptis

198 1973 264 2048 sibi
292 1969 445 2072 predicte
471 1983 626 2044 matrone
660 1983 694 2042 et
727 1975 833 2068 ipsius
871 1975 1070 2046 monasterii
1097 1971 1464 2061 Scheltersheim
1488 1995 1583 2048 uuu-

197 2079 260 2148 eiis
289 2073 453 2160 decimas,
479 2096 618 2146 mansos
647 2085 680 2144 et
706 2075 852 2160 vineas,
878 2071 921 2144 tle
947 2069 1069 2166 quibus
1095 2072 1247 2169 predicta
1272 2076 1395 2170 pensio
1423 2083 1478 2148 est
1502 2073 1583 2146 sol-

194 2173 317 2265 uenda,
337 2175 466 2258 locent,
494 2175 667 2246 instituant
693 2184 728 2244 et
752 2171 934 2246 destituant
962 2176 1058 2246 annis
1080 2174 1240 2268 singulis,
1266 2185 1366 2268 prout
1381 2174 1504 2249 melius
1522 2176 1583 2249 ui-

195 2273 306 2348 derint
332 2273 516 2370 expedire,
552 2271 714 2346 adicimus
751 2271 816 2346 troc
843 2275 950 2344 eciam
983 2271 1025 2344 de
1048 2277 1164 2368 gratia
1188 2274 1353 2368 speciali,
1388 2273 1477 2369 qnod
1503 2283 1584 2370 post

195 2374 347 2448 eiusdem
385 2379 539 2446 matrone
576 2371 702 2446 obitum
744 2377 818 2444 siue
855 2375 886 2444 in
923 2375 1028 2466 ipsius
1063 2376 1261 2448 monasterii
1297 2375 1469 2467 religione
1505 2378 1583 2448 siue

195 2488 294 2548 extra
320 2476 524 2574 religionem
552 2467 755 2572 decesserit,
783 2473 873 2566 quod
901 2482 1027 2544 extunc
1054 2477 1216 2568 magistra
1234 2484 1269 2544 et
1285 2485 1475 2546 conuentus
1493 2496 1581 2568 pre-

195 2578 254 2653 lati
287 2566 508 2662 monasterii,
542 2584 579 2644 vt
614 2583 734 2646 noster
767 2583 800 2646 et
835 2575 940 2667 ipsius
978 2583 1133 2646 matrone
1167 2577 1424 2658 anniversarius
1458 2573 1584 2649 ibidem

197 2687 329 2772 agatur,
355 2679 388 2746 in
415 2669 590 2772 posterum
617 2683 837 2744 memoratam
865 2671 906 2742 ad
934 2671 1084 2744 einstlem
1112 2677 1188 2746 anni
1217 2677 1366 2768 spacium
1395 2676 1584 2769 percipiant

197 2775 410 2876 integraliter
435 2777 648 2870 pensionem.
709 2773 800 2844 Sane
835 2775 864 2844 si
891 2772 978 2843 dicta
1006 2783 1163 2868 matrona⁸
1194 2796 1240 2847 ex
1266 2797 1467 2868 quocunque
1496 2795 1579 2846 casu

197 2869 238 2950 alt
265 2879 340 2972 ipso
369 2877 578 2948 monasterio
607 2871 968 2946 Scheltersheim
997 2897 1037 2946 se
1063 2871 1295 2964 abstraheret,
1322 2873 1379 2946 uel
1405 2884 1576 2963 moueret,

198 2989 324 3050 extunc
358 2980 389 3046 ei
424 2975 566 3071 amplius
601 2973 643 3046 ad
669 2977 868 3069 pensionem
895 2997 964 3045 non
992 2973 1181 3048 tenebimur
1216 2973 1441 3064 antedictam,
1479 2977 1582 3048 immo

198 3101 239 3153 ea
265 3077 366 3172 plane
401 3076 442 3146 ad
477 3087 616 3148 nostros
654 3085 688 3146 et
714 3097 955 3158 successorum
981 3083 1178 3148 nostrorum
1205 3098 1290 3168 vsus
1317 3074 1426 3161 libere
1452 3096 1581 3148 reuer-

188 3189 297 3258 tatur.
348 3175 384 3250 ln
417 3199 558 3270 quorum
599 3178 745 3248 omnium
780 3185 814 3246 et
846 3175 1058 3268 singulorum
1093 3178 1323 3248 testimonium
1349 3186 1449 3270 atque
1477 3173 1582 3249 robur

200 3288 380 3376 presentes
415 3277 528 3350 littere
564 3287 683 3353 nostro
720 3285 755 3345 et
791 3274 926 3369 capituli
958 3277 1068 3348 nostri
1096 3275 1289 3370 sigillorum
1314 3275 1581 3372 appensionibus

200 3389 278 3452 sunt
303 3379 440 3451 munite.
488 3377 609 3448 [latum
637 3397 725 3448 anno
753 3375 878 3446 domini
900 3373 1058 3450 lll⁰·CG⁰·
1080 3372 1264 3466 LXX1X⁰·‚
1290 3373 1425 3466 decimo
1451 3375 1579 3453 tuea-

201 3477 261 3552 tlas
288 3473 477 3566 astruam„
503 3475 717 3571 pontificatus
745 3479 853 3546 nostri
881 3495 970 3546 anno
996 3478 1123 3570 quinto.

410 3673 590 3760 Appendent
612 3673 671 3738 duo
695 3673 802 3760 sigilla.

232 4209 282 4264 aa
298 4203 351 4258 aas.
366 4209 495 4260 vortunt
508 4182 616 4258 mfett.
632 4202 656 4260 t.
