3768 4728
596 426 814 528 episcopatus
849 425 1143 524 wirsiburgensis.
1500 429 1570 514 293

186 627 354 696 obseruare
386 635 496 696 statuta
519 631 761 713 compositionis,
794 625 940 694 facientes
970 627 1096 714 dampna
1117 627 1295 710 detinendo,
1324 629 1490 698 auiorando
1522 632 1572 700 uel

186 715 370 802 pignerando
386 722 501 799 partem
518 715 651 794 aiterum,
667 713 805 778 dominus
822 718 980 796 episcopus
992 733 1046 797 pro
1062 719 1125 780 suis
1144 713 1285 780 retundet
1299 733 1388 782 omno
1402 715 1572 801 dompnum,

186 802 265 884 quod
288 802 456 865 hominibus
479 805 595 865 corruitis
616 805 780 885 irrogatur,
805 807 835 862 et
856 817 959 863 comes
982 819 1072 864 omne
1094 801 1267 882 dampnum,
1298 802 1378 884 quod
1412 822 1468 886 per
1498 821 1572 872 suos

187 892 320 972 episcopi
341 886 509 952 hominibus
531 887 689 965 toleretur,
713 892 744 948 el
765 884 803 948 ad
824 885 897 950 lliud
918 883 1076 970 dampnrm
1098 886 1347 970 recuperandum,
1371 887 1451 970 quod
1474 889 1570 954 alter-

186 981 251 1038 uter
275 991 378 1037 eorum
401 973 486 1036 alteri
507 969 664 1050 reiudcrtt,
686 978 815 1053 uterquc
838 988 944 1036 eorum
966 973 1093 1036 alterum
1115 972 1193 1036 bonu
1215 971 1274 1036 iude
1297 981 1328 1038 et
1349 978 1419 1038 totis
1445 975 1571 1048 uiribus,

187 1063 210 1124 si
233 1057 311 1123 sorte
332 1057 467 1124 homines
490 1077 594 1122 cormn
616 1057 748 1121 rebelles
771 1055 891 1137 luerint,
913 1057 1072 1122 adiuuabit.
1116 1058 1261 1123 Dominus
1285 1063 1445 1142 episcopus
1471 1067 1502 1123 et
1523 1064 1570 1124 sui

187 1151 272 1208 emnt
294 1148 381 1208 amici
403 1149 533 1210 omnium
554 1143 705 1209 hmruiuum
728 1146 845 1206 comitis
868 1149 898 1205 el
921 1162 939 1206 e
962 1161 1113 1208 conuerso
1135 1161 1239 1207 comcs
1262 1151 1293 1208 et
1314 1147 1380 1219 sui;
1403 1144 1452 1208 ubi
1469 1151 1569 1208 autom

185 1233 336 1294 inimicitie
357 1237 426 1295 sunt
448 1229 608 1314 capitales,
643 1235 748 1312 utpote
778 1245 818 1291 ex
848 1227 1024 1309 homicidio,
1058 1229 1184 1294 uulnere
1213 1231 1262 1293 uei
1295 1227 1425 1294 verbere
1455 1235 1570 1310 attroci,

186 1321 346 1400 episcopus
369 1322 399 1380 ot
421 1333 524 1379 comos
546 1321 635 1380 eruut
656 1315 726 1380 boni
748 1313 929 1379 mediatores
951 1315 1116 1379 concordie
1148 1314 1296 1380 iacienda.
1340 1316 1372 1381 Sl
1394 1322 1495 1382 autem
1522 1317 1570 1380 his

185 1403 273 1466 luerit
295 1419 388 1483 super
409 1401 661 1484 proprietamus,
691 1398 907 1465 hereditatibus
926 1402 976 1466 uei
997 1400 1117 1480 leodis,
1150 1399 1311 1466 concordia
1333 1400 1383 1466 but
1415 1406 1493 1467 inter
1515 1420 1570 1468 eos

185 1488 331 1552 amicabili
353 1491 559 1570 conpositione
581 1487 632 1554 rol
651 1491 769 1552 iusticia
791 1483 949 1552 mediante.
993 1487 1138 1552 Dominus
1164 1491 1325 1570 episcopus
1356 1486 1437 1552 dabit
1466 1495 1497 1553 et
1518 1488 1569 1552 dat

185 1573 398 1656 plenitudinem
419 1577 518 1658 gratio
539 1591 596 1638 sue
617 1577 718 1638 coruli
740 1579 771 1636 et
791 1571 860 1636 fiilis
882 1577 946 1636 suis
969 1579 1000 1636 et
1019 1571 1210 1655 promouebit
1232 1591 1287 1637 eos
1310 1579 1340 1638 el
1355 1573 1476 1654 iuuabit,
1498 1573 1569 1638 ubi-

185 1657 655 1828 litllrlllttlhlilt
672 1656 1299 1828 lllllhlltlt‘tl·,helluli
1319 1657 1571 1828 §tntilli

184 1832 294 1895 iueriut
314 1834 463 1913 requisiti,
485 1831 570 1895 salua
592 1827 672 1908 uda,
700 1847 789 1913 quam
811 1833 1007 1913 prestiterunt
1028 1829 1127 1894 abbati
1148 1828 1288 1895 ruruemr.
1332 1829 1365 1896 Si
1394 1849 1474 1896 noue
1501 1831 1570 1896 lites

186 1920 374 1982 surrexerint
394 1915 444 1980 uei
472 1919 531 1982 tarn
552 1923 622 1982 sunt
643 1933 736 2000 mper
756 1915 1006 1999 proprietatibus,
1036 1913 1144 1996 lerdis,
1165 1913 1381 1982 hereditatibus
1412 1917 1461 1982 uel
1482 1915 1570 1982 bouus

185 2004 260 2082 aliis,
282 2001 334 2066 uei
353 2019 394 2066 ex
415 2001 473 2066 aila
494 2020 685 2086 quacumque
707 2001 745 2066 dc
768 2021 871 2082 eausa,
893 2020 954 2084 que
976 2001 1114 2067 dominus
1137 2006 1297 2086 episcopus
1312 2006 1472 2068 temonare
1488 2021 1506 2067 a
1521 2001 1570 2068 dic

186 2091 358 2153 mouitiorus
380 2086 459 2151 inira
480 2105 617 2154 mensem
639 2088 767 2154 noluerit
787 2089 837 2154 uel
858 2104 918 2152 uon
937 2091 1068 2170 potuerit
1088 2093 1120 2152 in
1141 2105 1196 2154 suo
1219 2088 1365 2168 districtu,
1387 2089 1437 2153 uel
1465 2107 1569 2155 comes

185 2179 215 2239 in
237 2191 305 2254 suo,
329 2171 418 2238 eiecti
440 2179 509 2238 sunl
530 2193 571 2238 er
585 2181 669 2258 purte
694 2177 828 2258 episcopi
848 2172 987 2239 dominus
1008 2172 1258 2239 burchardus
1280 2173 1318 2237 de
1336 2173 1571 2260 Eversbcrc,

187 2263 349 2324 canonicus
370 2257 602 2344 herbipolensis,
624 2259 864 2326 Ludewicus
887 2257 926 2322 de
946 2259 1155 2326 Northeim
1188 2264 1219 2322 el
1237 2257 1434 2324 Voilrerus
1456 2259 1570 2343 dupiier

187 2343 224 2410 de
246 2343 457 2426 saleborc,
480 2351 511 2409 et
534 2364 574 2410 ex
592 2353 680 2432 parte
704 2350 821 2412 comitis
842 2344 1002 2409 iliricus
1024 2344 1063 2410 de
1085 2343 1307 2427 steinberc,
1330 2343 1569 2410 Woiiramus

186 2431 224 2495 de
245 2429 466 2495 buitebach
496 2437 526 2494 et
548 2431 713 2518 Depeno
746 2431 785 2496 do
805 2430 1114 2511 hiunrichislat,
1146 2429 1227 2513 quod
1257 2428 1390 2514 predicta
1411 2435 1572 2495 terminent

185 2520 286 2581 moniti
309 2515 502 2580 arucubiliter
523 2518 573 2582 rei
592 2522 710 2583 iusticia
731 2517 890 2582 mediante.
934 2515 1069 2595 Quodsi
1091 2533 1151 2580 nou
1171 2521 1332 2598 potuerint,
1354 2519 1478 2580 instituti
1500 2524 1571 2582 sunt

186 2621 225 2666 ex
245 2608 333 2685 parte
353 2606 437 2687 repis
459 2609 491 2666 et
513 2602 602 2668 eiecti
624 2611 693 2668 suut
714 2603 752 2667 de
773 2619 926 2668 consensu
947 2607 1074 2686 partium
1094 2601 1211 2666 nobiles
1244 2605 1299 2666 viri
1320 2601 1507 2666 hibertus
1530 2601 1568 2666 dc

185 2687 382 2771 Trispsrc
403 2695 434 2751 et
454 2685 591 2754 iiralto
613 2687 653 2752 do
676 2685 885 2768 lirulheim,
906 2693 947 2752 ita
967 2686 1049 2771 quod
1064 2688 1295 2770 quibuscunque
1308 2687 1403 2752 tribus
1414 2691 1569 2770 premissis

184 2779 242 2857 lpsl
263 2777 453 2840 consentiant
473 2773 584 2840 dictum
607 2775 782 2842 elumbem
805 2791 909 2840 corum
939 2791 994 2856 pro
1022 2773 1101 2838 iiuail
1123 2777 1273 2840 sententia
1294 2779 1441 2840 teneatur.
1484 2772 1569 2838 Etsi

184 2861 291 2942 uliquis
313 2860 514 2942 predictorum
536 2861 666 2924 uoluerit
697 2861 747 2924 voi
778 2879 837 2926 non
859 2865 990 2942 potuerit
1009 2865 1169 2940 interesse,
1192 2861 1267 2924 altor
1289 2859 1358 2924 ioco
1380 2858 1568 2927 sudidoneus

184 2946 389 3011 substituatur.
434 2943 466 3010 Si
489 2953 587 3010 autem
610 2945 733 3012 subortu
756 2943 846 3010 iuerlt
867 2950 985 3026 questio
997 2948 1074 3010 iuter
1087 2950 1261 3028 episcopum
1273 2951 1303 3010 et
1315 2949 1464 3025 comitem,
1487 2945 1568 3028 quod

182 3029 850 3200 illimlinitlltilliilnlli
867 3031 988 3180 ,llll
1017 3031 1155 3181 lillis
1169 3029 1568 3200 “intlltllllliu

183 3201 347 3268 concordia
370 3202 454 3266 firma
478 3207 508 3266 et
528 3208 592 3266 rata
614 3202 754 3285 quamdiu
775 3209 877 3286 partos
900 3206 1037 3268 vixerint
1081 3201 1130 3267 hd
1152 3205 1295 3266 maiorem
1326 3207 1415 3267 etiam
1444 3207 1566 3267 securi-

183 3296 274 3353 tatem
295 3291 443 3372 promissa
465 3295 535 3352 sunt
556 3287 615 3352 hoc
635 3308 652 3353 a
673 3287 807 3372 partibus
830 3288 898 3352 duta
925 3287 985 3352 hde
1016 3291 1095 3353 sicut
1126 3293 1266 3372 superius
1298 3296 1346 3352 est
1378 3305 1566 3370 expressum.

182 3375 219 3440 El
240 3393 320 3458 pena
340 3375 420 3438 mille
443 3391 611 3440 marcarum
633 3373 775 3440 uallatum
797 3381 843 3438 est
865 3373 1027 3453 arbitrium,
1050 3391 1126 3456 quas
1149 3391 1218 3455 pars
1240 3391 1299 3440 non
1310 3373 1477 3439 observans
1490 3378 1567 3454 parlt

183 3461 356 3526 obseruandi
377 3458 595 3524 ordinationem
616 3467 748 3524 nostram
779 3460 902 3524 soluere
925 3467 1070 3524 teneatur.
1114 3458 1172 3524 Pro
1206 3459 1315 3542 qulbus
1344 3459 1425 3524 mille
1456 3461 1566 3524 marcis

184 3551 345 3629 opiscopus
366 3543 511 3632 obligauit
532 3549 632 3612 comiti
664 3545 784 3629 opidum
817 3562 924 3626 suum,
958 3543 1038 3630 quod
1071 3546 1177 3610 dictim
1212 3545 1369 3611 Swurza
1402 3562 1470 3610 cum
1504 3547 1567 3608 suis

183 3635 356 3714 attinentiis,
378 3649 468 3696 versa
490 3637 557 3696 ulca
582 3648 685 3696 comas
706 3629 875 3696 iiizcech
897 3649 965 3696 cum
986 3635 1049 3695 suris
1072 3635 1233 3695 attinentiis
1265 3649 1320 3714 pro
1350 3627 1430 3694 miiie
1457 3634 1566 3694 marcis

183 3717 304 3782 domino
326 3721 467 3801 episcopo
490 3715 642 3801 obligauit.
687 3715 823 3782 Prcdlcta
852 3736 929 3802 pena
958 3721 1131 3800 pecuniaria
1161 3723 1191 3780 et
1220 3715 1275 3780 alia
1298 3719 1469 3781 accessoria
1490 3733 1566 3798 pre-

182 3809 280 3868 taxate
303 3821 321 3866 a
344 3804 421 3867 testo
443 3809 538 3867 sancti
559 3801 700 3866 Johauuis
721 3801 852 3886 Baptista
874 3810 986 3867 tantum
1017 3803 1055 3866 ad
1088 3807 1322 3884 quinquennium
1355 3801 1564 3866 seruabantur.

182 3889 229 3954 hd
250 3887 339 3954 huius
359 3895 460 3970 ltaque
480 3893 526 3952 rei
547 3888 735 3972 perhennem
757 3893 941 3968 memoriam,
963 3893 1032 3970 qula
1053 3895 1155 3972 partes
1178 3894 1282 3952 nostre
1297 3887 1475 3952 ordinationi
1489 3905 1565 3969 pre-

181 3980 275 4042 misae
296 3973 516 4058 herbipolensis
547 3975 680 4040 ecclesie
709 3975 830 4058 capituli
852 3975 1017 4040 accedente
1039 3991 1192 4040 consensu
1223 3978 1399 4039 unanimiter
1432 3989 1566 4038 causeu-

181 4067 297 4141 seruut,
317 4067 492 4146 presentem
513 4060 642 4145 itteram
663 4077 756 4144 super
777 4059 824 4126 his
839 4060 1009 4128 coniectum
1024 4058 1282 4144 domlnlapisoopl
1294 4064 1422 4146 eiusque
1436 4057 1565 4142 capituli,
