3774 4728
595 493 812 594 episcopatus
842 489 1136 590 wirciburgensis.

769 829 965 908 OGCXXV.

584 1031 672 1100 bono
698 1029 860 1114 1254.‚n.
884 1031 963 1114 biati,
984 1031 1147 1116 Herbipoii.

175 1219 232 1296 Lis
259 1223 349 1294 inter
376 1217 556 1316 capitulum
581 1221 722 1295 maioris
749 1219 922 1294 ecciesiae
948 1219 1200 1318 herbipolensis
1228 1230 1263 1293 et
1287 1217 1411 1294 fraires
1439 1219 1559 1294 domus

177 1321 391 1398 teuthonicus
418 1323 452 1394 in
472 1319 676 1394 Hittcnheim
704 1321 747 1393 ob
764 1343 904 1395 censum
932 1320 974 1392 do
1000 1319 1100 1394 bonis
1126 1323 1160 1393 in
1175 1319 1363 1394 Itolisbcim
1377 1319 1561 1418 proborum

610 1423 761 1495 virorum
787 1419 927 1494 arbitrio
955 1421 1129 1494 deciditur.

276 1591 349 1666 Nos
375 1592 665 1686 biarquurdus
692 1592 748 1664 dci
775 1596 891 1687 gracia
916 1595 1134 1689 prepositus²
1159 1592 1386 1666 Arnoidus
1413 1591 1563 1666 decenus

176 1703 350 1788 totumque
376 1692 556 1788 capitulum
581 1697 720 1766 maioris
738 1694 890 1768 ecclesie
905 1693 1157 1790 herbipolensis
1173 1703 1289 1767 notum
1305 1715 1386 1767 esse
1401 1693 1559 1767 uolumus

176 1796 362 1884 uniuersis,
388 1792 455 1866 boc
479 1797 640 1890 scripturn
666 1793 883 1884 intuentibus,
909 1793 1127 1890 presentibus
1149 1793 1330 1884 offuturis,
1356 1794 1458 1890 qood,
1485 1817 1561 1866 cum

177 1897 266 1966 inter
292 1893 475 1968 ecclesium
501 1903 653 1968 nostram
680 1917 726 1966 cx
751 1905 848 1990 parte
873 1917 939 1966 una
963 1905 999 1966 et
1024 1895 1150 1968 iretrcs
1177 1893 1297 1968 domus
1324 1897 1500 1968 teutonice
1525 1898 1560 1966 in

178 1993 461 2066 Hittenbcim
487 2015 534 2066 cx
560 1995 667 2067 altera
695 2017 756 2092 pro
785 2019 914 2084 censu,
950 2017 1048 2090 quern
1082 1994 1182 2066 nobis
1218 1994 1300 2068 dare
1333 2005 1492 2066 tenentur
1518 1993 1561 2067 de

179 2093 279 2168 bonis
305 2097 340 2166 in
365 2093 638 2186 ltoiisbeim
665 2097 707 2168 iis
735 2105 770 2167 et
795 2100 929 2190 questio
945 2105 1150 2186 uerteretur,
1177 2118 1217 2168 ca
1236 2105 1376 2192 propter
1391 2095 1480 2190 quod
1495 2099 1561 2191 ipsi

178 2195 304 2268 fraires
331 2195 474 2267 cundem
502 2219 642 2270 censum
669 2196 767 2269 nobis
794 2195 876 2268 dare
901 2195 1008 2290 longo
1035 2207 1191 2290 tempore
1216 2197 1469 2290 neglexerunt,
1496 2217 1561 2265 oc-

180 2294 325 2368 cedcnte
363 2295 497 2368 tandem
531 2299 706 2392 utriuspue
739 2301 844 2393 partis
882 2303 1056 2369 consensu
1091 2299 1275 2368 commissa
1314 2305 1368 2366 est
1405 2299 1478 2392 ipse
1518 2295 1561 2366 lis

180 2394 364 2493 proborum
390 2399 543 2469 virorum
581 2395 719 2468 arbitrio
755 2395 959 2486 decidenda⁷
998 2395 1160 2467 videlicet
1195 2394 1407 2466 dominorum
1445 2394 1561 2495 dipr-

182 2495 339 2592 querdi
364 2499 541 2593 prepositi,
566 2495 756 2570 Aruoidi
783 2495 913 2587 decani
942 2495 1135 2570 Gvnradi
1162 2495 1204 2568 dc
1231 2493 1560 2588 Enkcrsperge

180 2599 367 2695 portenarii
396 2609 431 2668 et
454 2595 598 2690 iringi
625 2596 667 2668 de
693 2595 966 2690 Hohenburg
986 2619 1076 2670 nunc
1101 2598 1279 2692 episcopi,
1305 2595 1561 2692 promiserunt-

180 2720 247 2794 que
272 2707 388 2794 partes
415 2708 522 2770 rutum
549 2696 690 2790 babere,
716 2698 1005 2792 qualitercumque
1038 2695 1140 2768 iidem
1174 2695 1289 2778 arbitri
1322 2699 1430 2790 ipsam
1464 2692 1560 2764 litem

181 2798 345 2870 ducerent
370 2797 600 2870 decidendam.
654 2799 719 2886 Qui
752 2820 826 2870 eam
860 2797 973 2868 taliter
1006 2795 1223 2886 deciderunt,
1256 2794 1437 2886 videlicet⁷
1471 2791 1562 2888 quod

180 2921 242 2995 pro
271 2900 361 2970 omni
389 2897 523 2969 deiectu
549 2901 773 2995 prenominati
800 2920 944 2990 census,
981 2899 1036 2993 qui
1063 2897 1242 2990 neglectus
1277 2906 1331 2968 est
1356 2897 1561 2990 presentari,

181 2997 304 3071 debunt
330 2997 408 3070 dicti
434 2998 560 3071 iratres
584 2999 704 3072 domus
731 2998 926 3071 teuthonico
951 2997 1408 3093 biarquardopreposito
1431 3015 1559 3090 supra-

185 3100 277 3172 dicto
304 3120 369 3172 sex
394 3099 521 3171 talenta
547 3098 782 3190 denariorum,
818 3099 1026 3171 Arnoldo
1054 3120 1139 3170 uero
1165 3097 1297 3170 decano
1335 3095 1402 3168 duo
1435 3093 1562 3168 talenta

180 3199 397 3272 denariorum
422 3210 537 3296 preter
563 3199 661 3272 XXX
687 3201 846 3273 denarios
874 3210 908 3271 et
934 3221 999 3272 sex
1024 3198 1152 3270 maldra
1181 3200 1292 3268 tritici.
1330 3196 1457 3283 Quibus
1471 3215 1558 3290 per-

181 3301 304 3375 solutis
331 3311 430 3373 erunt
454 3299 557 3372 iidem
582 3299 707 3373 iratres
734 3299 776 3372 ab
802 3303 893 3372 omni
910 3300 1149 3395 impedicionc‚
1175 3319 1274 3394 quarn
1291 3295 1418 3368 bebere
1438 3303 1559 3390 posset

182 3402 333 3474 ecclesia
358 3410 478 3474 nostro
505 3409 624 3472 contra
649 3404 745 3496 ipsos
771 3403 805 3472 in
832 3409 1005 3496 posterum
1039 3421 1143 3494 super
1175 3399 1401 3493 prenominati
1435 3415 1559 3466 census

181 3502 328 3592 deiectu,
354 3499 453 3573 liberi
480 3511 515 3572 et
541 3500 644 3573 soluti
670 3504 716 3573 ita
744 3523 848 3588 sane,
881 3499 971 3594 quod
1004 3502 1205 3594 quicumque
1232 3496 1377 3569 colonus
1404 3491 1560 3568 residens

180 3602 341 3675 fueritin
368 3603 565 3674 memoretis
591 3599 691 3675 bonis
718 3601 804 3696 apud
829 3599 1091 3672 ltoiisbeim
1130 3597 1222 3670 dabit
1255 3596 1407 3670 ecclesie
1440 3604 1560 3669 nostre

181 3701 224 3775 de
250 3701 380 3776 eisdem
405 3701 506 3774 bonis
532 3722 672 3774 censum
699 3699 844 3773 debitum
872 3703 976 3772 certis
994 3698 1202 3796 temporibus
1228 3707 1264 3770 ct
1277 3697 1423 3770 seruicia
1437 3691 1561 3784 debito,

183 3825 247 3900 qne
273 3802 330 3875 alii
356 3805 409 3876 sui
436 3803 723 3876 commansorrarii
749 3801 864 3874 solent
888 3798 981 3872 dere.
1033 3800 1196 3873 Preterea
1210 3799 1400 3893 quicunque
1415 3794 1559 3866 colonus

183 3903 379 3978 eorumdem
416 3903 582 3978 bonorum
620 3901 746 3990 fuerit,
787 3899 1065 3997 quandocumque
1107 3898 1196 3972 idem
1241 3897 1377 3970 domiuo
1423 3893 1561 3966 iubente

182 4008 346 4078 uniuerso
371 4008 485 4078 curnis
510 4005 599 4075 uiam
624 4007 805 4098 ingressus
832 4001 945 4092 tuerit,
972 4006 1083 4076 statim
1110 4022 1173 4097 per
1199 4001 1272 4072 eius
1297 4005 1442 4070 mortem
1462 3991 1560 4066 cedat

184 4106 335 4188 ecclesie
358 4115 478 4180 nostre
505 4105 664 4202 optimum
703 4113 801 4200 caput
825 4107 964 4202 pecoris
991 4102 1034 4185 dc
1059 4124 1160 4180 mauu
1194 4109 1350 4190 mortua,
1386 4099 1474 4178 sicut
1507 4104 1561 4176 cst
