3776 4730
314 446 384 540 tta
896 451 1114 527 Monumentu

309 651 423 723 burc
446 651 677 748 portenarium
702 650 744 725 ii.
771 649 1167 752 deHeldernngem
1190 646 1308 726 wer.
1331 643 1697 742 de'l'annenlterc,

309 751 409 826 Her.
434 749 477 824 de
503 751 717 848 Wilperg
743 751 861 828 arbitri
886 778 905 826 a
934 755 1082 852 capitulo
1110 755 1285 828 constituti
1312 773 1415 850 super
1439 748 1598 824 undecim
1611 771 1697 846 pre-

308 849 430 925 bendis
469 851 667 924 uocantibus
705 865 739 926 et
775 865 907 952 septem
944 859 1144 946 vacaturis,
1179 875 1247 926 nec
1280 873 1351 926 non
1387 850 1430 923 de
1470 848 1697 924 oblationibus

309 951 509 1025 necantibus
536 952 625 1026 infra
640 957 776 1050 scriptis
791 955 907 1028 taliter
923 954 1076 1030 arbitrati
1091 975 1218 1030 sumus.
1246 949 1303 1024 Ad
1317 953 1516 1048 petitionem
1531 949 1582 1023 do
1593 951 1698 1024 mini

310 1055 521 1149 episcopi
545 1052 948 1150 prebendamuucantem
972 1078 1036 1154 per
1050 1057 1369 1150 resignationem..
1397 1049 1439 1124 de
1455 1050 1700 1126 Eberstein

311 1155 597 1248 assignamus...
620 1151 647 1248 ἦ)
697 1151 754 1226 Aa
792 1159 991 1251 petitionem
1029 1153 1067 1228 0.
1094 1157 1245 1228 cantoris
1280 1149 1486 1250 prebendam
1521 1161 1700 1223 uocantem

309 1273 373 1348 per
399 1251 587 1327 absentiam
614 1239 754 1326 olrici
793 1255 835 1326 de
877 1253 1126 1354 Spekeielt
1160 1255 1377 1348 assignamus
1417 1251 1455 1324 G.
1494 1251 1564 1324 filio
1591 1249 1630 1322 0.
1656 1250 1700 1322 de

310 1351 428 1425 Lina.
481 1351 537 1423 Ad
562 1356 763 1450 petitionem
803 1355 848 1427 Μ.
887 1355 930 1429 de
955 1353 1238 1429 Nuwenburo
1274 1351 1482 1452 prehendam
1522 1361 1699 1423 uacantem

220 1511 223 1514 ’
309 1453 826 1626 ttfftt⁰tt⁰ttt..ti.
840 1453 1188 1650 ⁶⁰ni⁰iiiiiiiii
1198 1477 1250 1624 θ3
1291 1449 1701 1648 ”ttttttttttntt

311 1661 490 1724 uocantem
500 1675 565 1750 per
581 1663 725 1726 mortem
740 1653 836 1726 Ber.
853 1653 896 1726 de
913 1655 982 1726 Wi
993 1655 1003 1725 Ι
1016 1677 1038 1750 p
1049 1676 1127 1726 erc
1151 1657 1368 1751 assignamus
1383 1652 1424 1724 B.
1440 1652 1483 1723 de
1497 1651 1700 1742 Querna-

310 1751 451 1824 iurde.
501 1751 557 1825 nt
582 1757 782 1850 petitionem
811 1753 937 1826 dommi
963 1753 1000 1826 L.
1029 1753 1071 1824 de
1098 1753 1262 1847 Gligen
1288 1751 1496 1850 prebendam
1522 1761 1700 1825 necantem

311 1873 375 1951 per
401 1861 547 1925 mortem
574 1851 613 1925 G.
643 1851 685 1925 de
709 1851 976 1929 Lobdeburc
1002 1857 1218 1949 assignamus
1244 1853 1440 1928 Ernesto
1468 1851 1698 1948 detiiigen.

313 1951 370 2024 Ad
395 1956 595 2050 petitionem
623 1951 660 2026 S.
696 1951 738 2024 de
766 1951 970 2028 Slithese
1003 1952 1211 2050 prebendam
1246 1963 1424 2043 uocantem
1458 1975 1522 2049 per
1555 1963 1700 2025 mortem

314 2052 459 2125 electi
485 2056 751 2147 assignamus..
778 2049 849 2132 filio
877 2053 914 2126 C.
943 2051 1222 2126 deSlithese.
1263 2053 1316 2128 Ad
1341 2055 1541 2150 petitionem
1565 2053 1630 2126 nt.
1657 2050 1701 2125 de

312 2151 579 2226 Lobdebnrc
603 2151 809 2251 prebendam
835 2163 1014 2225 uacantem
1051 2175 1114 2250 per
1149 2164 1294 2226 mortem
1319 2153 1357 2224 t.
1395 2154 1438 2226 de
1464 2151 1701 2226 Reinecke

287 2256 531 2352 ¹assignamus
547 2308 583 2326 ..
621 2251 664 2325 de
699 2251 927 2334 Scaruielt
953 2255 1119 2329 canonico
1146 2257 1355 2348 maguntino.
1407 2252 1464 2327 Aa
1499 2257 1699 2350 petitionem

313 2351 572 2428 Warmundi
597 2349 805 2450 prebendam
829 2363 1009 2428 vacantem
1035 2376 1099 2450 per
1115 2364 1260 2428 mortem
1271 2353 1314 2425 R.
1340 2351 1700 2449 deVssengheim

316 2455 531 2548 assignamus
546 2453 589 2526 D.
616 2451 688 2525 filio
704 2508 710 2524 .
729 2507 737 2524 .
767 2451 809 2525 de
821 2451 1075 2528 Helmestat
1102 2457 1268 2528 canonico
1284 2455 1502 2550 vimpinensi.
1529 2453 1585 2526 Ad
1604 2456 1700 2550 peti·

315 2557 442 2626 tionem
454 2551 493 2626 F.
520 2555 707 2650 pontenarii
732 2552 939 2652 prebendam
965 2563 1145 2629 uacantem
1169 2575 1232 2652 per
1247 2563 1390 2626 mortem
1404 2553 1443 2626 B.
1472 2552 1700 2627 deEbers-

317 2652 427 2727 berc
442 2657 658 2748 assignamus
730 2709 738 2724 .
754 2649 782 2746 ²)
809 2653 864 2726 Ad
878 2656 1076 2751 petitionem
1092 2653 1134 2725 tt.
1149 2653 1191 2726 de
1205 2655 1266 2726 He
1277 2654 1288 2724 l
1300 2652 1536 2748 derungen
1548 2652 1702 2750 preben-

318 2753 393 2826 dam
419 2765 596 2828 uacantem
622 2776 685 2852 per
707 2752 926 2826 dominum
954 2757 1213 2851 episcopum
1240 2757 1455 2848 assignamus
1475 2749 1607 2847 ....⁸)
1646 2753 1702 2827 Ad

318 2857 516 2951 petitionem
542 2853 636 2925 Her.
665 2851 708 2924 de
734 2851 1158 2952 Wilpercprebendam
1173 2863 1427 2950 uacantemper
1449 2854 1700 2928 mortemBer.

320 2951 363 3025 de
382 2953 530 3026 Taoke
544 2956 759 3048 assignamus
779 3008 785 3022 .
803 3007 810 3022 .
827 3009 834 3024 .
854 2953 881 3044 ⁸)
907 2953 962 3025 Ad
977 2957 1175 3051 petitionem
1192 2953 1362 3026 donnini
1389 2955 1596 3050 episcopi
1614 2975 1700 3050 pre-

318 3052 463 3125 bendam
488 3057 628 3150 primam
669 3073 738 3124 non
773 3064 952 3126 uacantem
986 3057 1202 3148 assignamus
1236 3057 1403 3148 magistro
1429 3053 1623 3126 Johanni
1658 3053 1701 3126 de

317 3151 600 3227 Halherstat.
627 3151 683 3226 At
693 3155 893 3247 petitionem
911 3153 951 3226 H.
980 3153 1022 3226 de
1039 3154 1273 3227 Wechmar
1299 3151 1702 3250 secundamprebentlam

317 3275 388 3327 non
412 3265 590 3327 necantem
618 3257 833 3346 assignamus
850 3309 883 3324 ..
911 3253 1006 3325 fratri
1029 3277 1104 3327 suo.
1132 3255 1188 3329 Ad
1202 3257 1400 3352 petitionem
1413 3255 1450 3326 L.
1466 3253 1508 3326 de
1523 3253 1702 3327 Hohen-

318 3353 425 3427 berc
449 3357 583 3427 tertiam
610 3351 817 3450 prebendam
851 3377 922 3438 nou
954 3365 1135 3442 uocantem
1159 3359 1374 3449 assignamus
1402 3353 1471 3427 Th.
1498 3351 1569 3426 filio
1595 3353 1632 3426 t.
1659 3352 1702 3426 de

321 3453 499 3550 Teiphe.
552 3453 609 3526 Ad
635 3455 833 3550 petitionem
860 3455 930 3526 Ar.
958 3452 1702 3550 deVssengheimquartamprebendam

319 3576 389 3628 non
426 3565 604 3627 uocantem
645 3557 907 3648 assignamus..
940 3553 1012 3632 filio
1052 3553 1264 3632 Golstein
1304 3553 1346 3626 de
1388 3553 1578 3628 Redern.
1645 3552 1703 3625 Ad

320 3657 519 3750 petitionem
553 3657 707 3748 magistri
744 3653 959 3748 Gregorii
997 3657 1143 3749 quintam
1179 3653 1385 3749 prehendam
1421 3677 1491 3727 non
1522 3663 1702 3727 uocantem

322 3758 590 3850 assignamus..
615 3752 686 3826 utto
714 3757 848 3829 sororis
875 3777 948 3828 sue.
975 3753 1030 3828 Ad
1055 3755 1254 3848 petitionem
1280 3753 1346 3826 ΑΙ.
1374 3753 1711 3840 tetauanstetn,

324 3865 459 3928 sextam
484 3853 692 3952 prehendam
717 3875 787 3928 non
813 3863 992 3930 uacautem
1013 3855 1273 3947 assignamus..
1302 3851 1701 3936 debeiehtenhere.

323 3951 408 4026 ltem
434 3954 697 4052 adpetitionem
733 3953 899 4039 domini
934 3956 1141 4050 episcopi
1178 3958 1355 4051 septimam
1388 3952 1595 4052 prebendam
1631 3976 1703 4030 nou

324 4063 500 4130 meantem
516 4058 731 4151 assignamus
744 4057 943 4148 apicumque
959 4053 1024 4126 sihi
1038 4051 1213 4150 placuerit.
1248 4053 1298 4128 ita
1312 4075 1411 4149 saue,
1437 4053 1526 4152 quoti
1551 4075 1702 4158 persone
