3838 4728
778 860 1085 938 cbtxxxxvlll.

677 1061 766 1127 Anuo
792 1057 900 1140 1287,
923 1057 975 1126 22.
995 1060 1183 1126 Novembris.

235 1249 418 1324 Heinrious
460 1247 502 1322 de
548 1244 755 1339 chhmar,
797 1246 945 1320 decanus
987 1257 1021 1320 et
1058 1245 1317 1321 archidiaconus
1358 1243 1454 1320 berbi
1478 1241 1623 1332 clausis,

236 1353 370 1438 ratione
398 1344 582 1423 decanatus
603 1353 656 1424 sui
682 1353 838 1422 existens
864 1358 981 1420 rector
1002 1359 1036 1420 et
1062 1351 1225 1442 provisor
1241 1343 1420 1442 hospitalis
1448 1267 1621 1416 §Theo-

237 1449 365 1540 derici,
391 1460 498 1522 ratam
524 1443 626 1548 habet
652 1449 885 1522 venditionem
916 1447 1088 1519 cuiusdam
1115 1445 1247 1536 domus,
1274 1446 1317 1518 de
1332 1468 1397 1542 qua
1414 1446 1479 1540 ipsi
1495 1441 1623 1539 hospi·

756 1547 817 1618 tali
844 1545 940 1618 datur
967 1567 1104 1620 census.

340 1729 414 1806 Nos
439 1731 702 1806 Heinricus
742 1731 784 1804 de
818 1729 1071 1822 Wecbmar,
1110 1729 1259 1806 domnus
1294 1739 1329 1802 et
1360 1728 1622 1806 archidiaconus

237 1830 505 1928 herbipolensis,
533 1841 656 1905 tenore
672 1834 888 1927 presencium
913 1840 1031 1904 uotum
1044 1831 1186 1906 iacimus
1207 1831 1392 1918 vaianensis,
1418 1827 1521 1924 quod,
1547 1851 1624 1902 cum

239 1930 481 2004 Corradus
522 1931 688 2004 Sartor
722 1941 886 2004 etvxor
927 1953 989 2004 sua
1015 1930 1252 2006 vendidissmrt
1277 1933 1331 2004 ius
1357 1951 1454 2002 suum
1480 1927 1624 2002 beredi-

236 2034 372 2122 tarium,
400 2029 491 2128 prod
511 2029 688 2104 habebant
712 2033 747 2102 iu
773 2029 914 2124 quadam
942 2031 1042 2102 domo
1070 2031 1155 2127 apud
1181 2029 1349 2126 hospitale
1376 2033 1485 2104 sancti
1499 2026 1623 2103 Theo-

236 2129 371 2222 derici,
403 2131 446 2203 da
471 2153 537 2225 qua
562 2133 629 2226 ipsi
655 2129 816 2226 hospitali
842 2129 939 2202 datur
964 2151 1090 2204 census
1115 2134 1238 2224 viginti
1264 2133 1410 2224 quinque
1435 2128 1624 2204 solidorum

238 2229 457 2306 maenarum
470 2229 778 2326 herbipolensium,
796 2231 951 2303 Othoni
964 2229 1055 2302 dicto
1072 2230 1207 2326 Svap,
1232 2232 1336 2304 uxori
1352 2251 1414 2302 sue
1427 2232 1624 2326 etipsorum

236 2329 436 2423 heredibus,
463 2339 498 2403 et
524 2330 680 2404 domiuus
705 2329 937 2404 lohannes
962 2327 1129 2425 debenus
1144 2353 1210 2403 uec
1234 2352 1305 2404 nou
1325 2328 1449 2404 iratres
1474 2329 1623 2404 iamdicti

238 2431 420 2527 hospitalis
437 2431 665 2506 contulissent
688 2432 755 2526 ipsi
777 2429 949 2520 ditoni,
973 2434 1078 2505 vxori
1105 2453 1180 2521 sue,
1206 2435 1424 2526 ipsorumque
1441 2427 1623 2504 heredibus

237 2535 312 2604 iure
345 2530 553 2606 hereditario
589 2529 733 2604 eandem
773 2529 908 2604 domum
942 2541 1109 2627 perpetuo
1149 2528 1390 2627 possidendam
1425 2552 1488 2626 pro
1514 2553 1622 2606 consu

237 2635 396 2728 superius
420 2633 617 2722 nominato,
651 2640 688 2704 et
711 2650 798 2720 uos,
837 2653 912 2704 cum
948 2634 1054 2706 simus
1080 2641 1197 2704 rector
1222 2640 1258 2704 at
1281 2632 1442 2726 prouisor
1466 2629 1621 2706 eiusdem

237 2731 432 2828 hospitalis,
457 2733 592 2804 ratione
617 2729 802 2804 decanatus
823 2733 947 2822 nostri,
973 2729 1157 2826 predictam
1178 2729 1419 2805 vendicionem
1443 2739 1477 2802 et
1503 2729 1620 2804 colla-

237 2833 373 2906 oionem
398 2842 506 2904 ratam
532 2841 566 2903 et
592 2840 724 2925 gratam
749 2830 913 2904 babemus
940 2840 975 2903 et
1000 2852 1207 2906 consensum
1232 2839 1388 2907 nostrum
1413 2849 1618 2926 expressum

236 2931 458 3028 presentibus
484 2930 692 3006 adhibemus.
743 2929 782 3004 lu
816 2933 912 3005 cuius
944 2933 998 3004 rei
1023 2933 1254 3006 testimonium
1278 2940 1461 3026 presentes
1486 2929 1619 3006 litteras

239 3031 348 3126 sigilli
370 3035 481 3104 nostri
494 3033 678 3104 munimine
692 3029 914 3104 roboramus.
940 3031 1062 3103 Datum
1078 3053 1167 3106 auno
1183 3031 1310 3106 domini
1324 3027 1618 3122 dcccxxxvii,

237 3135 274 3207 iu
300 3131 355 3206 dio
378 3131 480 3206 beato
507 3130 649 3204 Cecilie.
790 3137 792 3143 '

441 3306 586 3400 'Sigillum
608 3313 722 3378 laesum
745 3313 902 3398 appendet.
