3794 4722
896 391 1115 464 Monumenta

941 727 1085 802 CLXIV.

906 929 995 992 Anno
1022 924 1112 991 1203.

317 1112 507 1208 Capitulum
534 1114 673 1184 maioris
687 1112 859 1186 ecclesiae
876 1114 1165 1209 wirceburgensis
1184 1123 1337 1203 testatur7
1364 1111 1455 1207 quod
1479 1113 1697 1186 Reimbertus
1798 1105 1808 1126 ’

318 1213 417 1286 miles
444 1212 486 1284 dc
510 1211 770 1285 Hedelohedori
791 1211 1035 1304 Eberhardum
1057 1219 1136 1307 jure
1162 1205 1379 1308 proprietatis
1406 1211 1470 1284 sibi
1486 1216 1697 1306 attinentem,

353 1313 396 1384 ad
421 1312 528 1384 altare
557 1311 593 1383 S.
620 1312 840 1391 Pantaleonis
867 1317 902 1388 in
929 1314 1075 1410 capitulo
1102 1315 1241 1386 maioris
1269 1313 1441 1384 ecclesiae
1467 1311 1652 1407 delegavit.

418 1481 455 1554 G.
507 1481 545 1553 ln
570 1485 708 1554 nomine
735 1493 852 1554 sancte
880 1494 914 1558 et
939 1482 1109 1556 indiuidua
1135 1485 1302 1556 trinitatis.
1342 1481 1531 1578 Capitulum
1557 1487 1696 1557 maioris

318 1582 469 1657 ecclesie
495 1580 797 1676 wirceburgensis.
849 1583 923 1670 Que
949 1595 1113 1676 geruntur
1138 1587 1352 1678 intempore,
1378 1606 1422 1655 ne
1444 1605 1518 1654 cum
1541 1593 1696 1677 tempore

317 1679 517 1772 dilabantur,
542 1685 724 1776 perennari
751 1681 874 1754 debent
899 1693 933 1754 et
958 1706 1047 1754 uoce
1072 1687 1208 1756 testium
1235 1694 1270 1756 et
1284 1685 1480 1766 testimonio
1496 1683 1695 1754 litterarum.

319 1781 442 1856 Notum
470 1786 513 1854 sit
539 1785 641 1874 igitur
666 1793 732 1853 tam
759 1782 974 1878 presentibus
1001 1806 1097 1878 quam
1114 1785 1277 1879 postoris,
1304 1781 1696 1878 quodReimbertus

317 1882 417 1954 miles
445 1880 487 1956 de
514 1881 861 1955 Hedelohedori
884 1905 1055 1956 consensu
1070 1882 1257 1956 liberorum
1279 1904 1417 1956 suorum
1444 1881 1586 1955 etnullo
1603 1905 1697 1976 cog-

317 1992 471 2054 natorum
498 2004 636 2056 suorum
664 1981 723 2054 vel
748 1983 891 2057 aliorum
918 1982 1172 2056 contradicente
1198 1987 1287 2054 iusto
1314 1981 1410 2054 titulo
1425 1981 1561 2066 donauit
1576 1993 1697 2056 sancto

317 2081 530 2170 Pantaleoni,
556 2081 597 2154 ad
613 2082 720 2154 altare
747 2086 853 2178 ipsius
873 2089 906 2154 in
920 2085 1066 2178 capitulo
1079 2087 1217 2155 maioris
1235 2081 1385 2156 ecclesie
1402 2081 1695 2176 wirceburgensis

317 2180 549 2254 Eberhardum
576 2185 796 2272 seruientem,
823 2187 878 2278 qui
905 2187 935 2256 ei
962 2187 1036 2254 iure
1061 2186 1278 2279 proprietatis
1305 2180 1477 2272 attinebat,
1502 2183 1697 2276 utsingulis

317 2285 414 2354 annis
442 2292 513 2356 tres
541 2282 699 2356 denarios
725 2283 784 2355 vel
808 2281 974 2356 dimidiam
1000 2283 1120 2356 libram
1147 2305 1227 2354 cere
1269 2281 1311 2354 ad
1349 2282 1437 2356 idem
1469 2283 1577 2354 altare
1610 2305 1696 2377 per-

320 2381 432 2454 soluat
459 2393 493 2454 et
519 2386 570 2454 sic
596 2382 637 2454 ab
665 2387 756 2455 omni
777 2387 916 2478 angaria
944 2393 977 2455 et
1002 2387 1094 2477 iugo
1110 2383 1250 2455 alterius
1288 2382 1426 2454 dominii
1459 2387 1503 2458 sit
1537 2385 1697 2470 inmunis,

318 2480 441 2554 eodem
478 2485 572 2568 iure,
607 2504 673 2575 quo
712 2487 819 2554 ceteri
844 2483 1080 2578 perfruuntur,
1121 2485 1176 2578 qui
1212 2493 1330 2556 sancto
1370 2483 1571 2556 Pantaleoni
1606 2486 1697 2558 iusto

318 2580 509 2653 donationis
546 2581 641 2653 titulo
683 2593 761 2654 sunt
797 2582 959 2654 hactenus
1006 2583 1166 2676 delegati.
1220 2583 1428 2678 Quicumque
1463 2593 1576 2656 autem
1611 2581 1699 2654 hanc

318 2679 535 2752 donationem
562 2680 814 2754 racionabiliter
840 2693 874 2753 et
899 2683 1050 2774 legitime
1087 2683 1211 2754 iactam
1238 2682 1433 2754 calumniari
1470 2683 1530 2754 vel
1562 2685 1699 2753 irritare

316 2783 576 2876 presumpserit,
603 2784 687 2851 iram
713 2791 747 2853 et
771 2781 1038 2876 indignationem
1065 2783 1120 2854 dei
1147 2786 1387 2878 omnipotentis
1424 2791 1458 2854 et
1484 2781 1571 2853 beati
1599 2782 1696 2854 Pan-

317 2880 464 2952 taleonis
491 2878 546 2950 hic
572 2891 606 2952 et
631 2883 664 2952 in
690 2879 802 2953 laturo
830 2905 870 2954 se
895 2885 1031 2954 nouerit
1046 2886 1267 2956 incursurum.
1294 2883 1337 2954 Et
1362 2894 1398 2953 nt
1421 2881 1540 2956 eadem
1558 2880 1698 2954 donatio

317 2982 351 3052 in
377 2991 575 3075 perpetuum
599 2977 693 3052 firma
731 2991 865 3072 maneat
884 3049 888 3056 ,
905 2992 940 3053 et
975 2981 1196 3072 inconuulsm
1235 2986 1381 3078 ipsarum
1421 2981 1578 3054 duximus
1610 2981 1699 3054 sub-

319 3082 504 3174 scriptione
532 3082 666 3152 tcstium
693 3091 726 3152 et
752 3085 967 3177 inpressione
1002 3082 1107 3176 sigilli
1140 3081 1231 3154 beati
1255 3081 1392 3178 Kyliani
1416 3081 1701 3175 irrefragabiliter

318 3182 527 3252 conmunire.
579 3179 684 3252 Huius
711 3183 763 3253 rei
787 3191 895 3254 testes
912 3192 1006 3254 sunt:
1035 3181 1198 3254 Canonici
1218 3185 1356 3255 maioris
1373 3182 1525 3255 ecclesie
1540 3183 1695 3272 Persius,

318 3279 508 3354 Reinoldus
535 3280 577 3352 de
604 3277 805 3370 Osternacb,
832 3281 1019 3356 Gozwinus
1046 3281 1280 3377 deTrimperc
1305 3293 1339 3354 et
1355 3282 1461 3354 frater
1477 3287 1550 3355 eius
1567 3285 1698 3377 boppo,

317 3378 523 3454 Bertholdus
563 3379 605 3452 de
638 3380 826 3475 Oetingen‚
868 3382 1049 3476 Gerungus
1084 3382 1125 3453 de
1169 3379 1410 3454 Enkcresberc
1446 3393 1481 3456 ct
1521 3377 1698 3459 ottradus

317 3490 484 3574 cognatus
513 3483 601 3570 eius,
627 3479 845 3553 Gothciridus
872 3479 913 3553 de
941 3481 1168 3572 Cbulenberc‚
1196 3479 1413 3554 Gothciridus
1441 3482 1482 3568 de
1502 3480 1698 3574 Sweigere,

318 3579 453 3674 lringus
481 3579 523 3651 de
549 3579 758 3672 Zabelstein,
787 3577 883 3654 Oine
912 3579 1006 3654 Saxo
1034 3591 1068 3654 et
1100 3585 1269 3678 prespiter
1282 3581 1459 3676 Manegolt
1485 3582 1526 3652 de
1539 3579 1698 3652 Nuwen-

319 3677 415 3770 burc,
442 3680 660 3752 Gothciridus
687 3691 823 3770 custos⁷
849 3681 1041 3775 Bartungus
1069 3681 1253 3772 sacerdos,
1293 3679 1490 3753 llerbordus
1517 3683 1700 3776 prespiter,

320 3773 497 3852 Ginradus
541 3783 732 3876 prespiter,
780 3779 1017 3853 Wernbardus
1057 3785 1247 3871 vinearius,
1295 3779 1467 3853 lohannes
1515 3783 1697 3854 vicoarius.

319 3877 433 3950 baici:
468 3879 681 3952 Woliramus
721 3879 886 3952 scultetus
924 3883 1089 3974 prepositi
1115 3879 1157 3952 de
1185 3880 1376 3968 Crutbeim‚
1415 3891 1450 3952 et
1496 3877 1583 3952 itlius
1624 3884 1698 3952 eius

322 3977 535 4052 Woliramus
564 3979 764 4074 donegua,
792 3979 1038 4054 Wolirammus
1065 3979 1196 4070 Rubra,
1221 3979 1392 4054 lleroldns
1420 3989 1536 4054 custos
1564 3979 1699 4052 dormi-
