3768 4728
913 451 1130 526 Monumenta

909 758 1138 832 GCXXXVll.

790 941 878 1004 Anno
903 939 1006 1022 1233,
1030 959 1134 1004 mense
1156 939 1253 1002 Junio.

331 1125 543 1197 Hermannns
559 1124 810 1220 herbipolensis
829 1129 1011 1222 episcopus
1030 1125 1215 1197 Ludewico
1236 1122 1278 1195 de
1301 1121 1479 1195 Waltdorl
1494 1135 1528 1196 et
1542 1123 1712 1196 Gerdrudi

330 1227 431 1296 uxori
444 1227 518 1296 eius
533 1223 666 1297 confert
677 1247 777 1295 unum
795 1225 955 1296 talentum
968 1225 1009 1297 de
1022 1226 1162 1298 teloneo
1177 1221 1342 1319 pecudum
1356 1227 1524 1294 annuatim
1536 1222 1711 1296 exhiben-

331 1323 421 1414 dum,
433 1327 499 1418 ipsi
510 1347 529 1394 a
541 1321 736 1413 llleohtilde,
747 1323 847 1396 vidua
859 1325 1024 1397 Friderici
1032 1325 1171 1420 Reguli,
1182 1325 1296 1394 euriae
1309 1323 1515 1418 episcopalis
1528 1325 1712 1418 aliquando

331 1426 478 1519 spisarii,
504 1422 621 1494 etlilio
649 1423 913 1498 eiusGotelrido
939 1449 1001 1522 pro
1029 1425 1169 1520 quadam
1189 1445 1319 1496 summa
1336 1425 1501 1516 pecuniae
1522 1423 1710 1496 venditum.

430 1593 454 1664 l.
482 1616 514 1664 n.
543 1594 573 1665 d.
597 1617 625 1664 a.
677 1593 950 1666 Hermannns
990 1591 1044 1663 dei
1078 1595 1188 1686 gratia
1225 1590 1475 1688 herbipolensis
1511 1597 1709 1690 episcopus.

331 1691 497 1766 Nouerint
513 1748 521 1763 .
541 1749 548 1763 .
576 1697 731 1765 universi
745 1693 842 1766 huius
857 1695 982 1788 pagine
998 1695 1226 1786 inspectores,
1253 1692 1341 1785 quod
1356 1715 1430 1762 cum
1445 1693 1621 1765 Frideri
1632 1719 1710 1767 eus

329 1792 546 1886 Regulus,
571 1791 750 1888 aliquando
777 1796 940 1888 spisarins
968 1795 1061 1863 curie
1088 1803 1220 1882 nostre,
1247 1801 1366 1863 nature
1392 1791 1537 1864 debitum
1564 1795 1712 1888 persol-

331 1895 465 1982 uisset,
492 1895 546 1963 oni
570 1891 660 1964 bone
687 1896 850 1965 memorie
877 1891 980 1962 Otto
1008 1895 1202 1987 episcopus,
1228 1889 1458 1985 predecessor
1487 1903 1618 1984 noster,
1645 1917 1711 1988 pro

331 1990 486 2064 diuturno
513 1991 678 2086 obsequio
706 2015 769 2066 suo
796 1995 951 2087 inspecta
975 1989 1135 2064 fidelitate
1162 2013 1223 2065 sua
1249 2011 1352 2061 vnum
1378 1992 1541 2063 talentum
1557 1991 1599 2063 de
1625 1994 1712 2064 tlre-

329 2092 435 2164 loneo
461 2091 625 2186 pecudum
653 2095 799 2165 ciuitatis
824 2103 944 2164 nostre
983 2111 1058 2162 eum
1091 2092 1167 2164 aliis
1195 2089 1389 2184 quibusdem
1427 2089 1527 2162 bonis
1567 2093 1711 2163 eontulit

330 2195 365 2262 in
389 2191 493 2263 leode
520 2191 761 2286 possidendum
788 2202 822 2262 et
846 2195 922 2286 ipso
947 2195 1022 2262 inre
1047 2193 1081 2261 in
1108 2187 1254 2262 heredes
1282 2211 1365 2261 suos
1391 2190 1562 2283 quoslibet
1588 2201 1709 2264 trans-

331 2291 520 2381 ferendum,
546 2291 777 2365 lllehtildis
805 2291 907 2362 vidua
919 2293 1026 2386 ipsius
1054 2301 1088 2361 et
1114 2289 1378 2362 Gotelrldus
1405 2289 1494 2362 lilius
1521 2294 1594 2361 eius
1621 2315 1710 2387 pre-

331 2389 410 2461 dicti
436 2391 554 2462 talenti
582 2403 615 2462 et
641 2392 785 2462 allorum
811 2389 977 2463 bonorum
1004 2389 1149 2460 heredes
1181 2387 1270 2459 idem
1304 2388 1465 2460 talentum
1492 2411 1591 2461 manu
1618 2413 1710 2462 coa-

331 2489 451 2562 dunata
478 2503 599 2564 nostro
627 2513 730 2586 super
746 2489 857 2562 habito
872 2511 1045 2561 consensu
1061 2487 1238 2560 Ludowi
1252 2509 1301 2558 eo
1330 2487 1372 2560 de
1388 2489 1433 2560 W
1447 2488 1623 2561 altdorl
1644 2515 1708 2587 pro

331 2590 469 2684 quadam
498 2613 627 2662 summa
652 2594 796 2685 pecunie
813 2588 1048 2676 vendiderunt,
1075 2587 1374 2658 confirmacionem
1389 2599 1540 2659 nostram
1561 2590 1711 2686 desuper

330 2690 553 2783 postulantes.
606 2689 678 2760 Nos
705 2693 817 2784 itaque
843 2693 996 2784 inspecta
1022 2687 1183 2758 fidelitate
1208 2687 1244 2757 L.
1273 2692 1451 2758 memorati
1469 2689 1709 2762 vendicionem

331 2793 437 2883 ipsam
465 2800 593 2882 gratam
621 2788 784 2861 hebentes
812 2799 911 2884 atque
937 2797 1042 2858 ratam
1068 2799 1208 2882 recepto
1235 2787 1339 2859 leodo
1366 2811 1385 2858 a
1412 2787 1498 2859 dieta
1522 2789 1647 2861 l'emina
1674 2803 1710 2862 et

330 2889 369 2959 G.
397 2887 467 2959 lilio
495 2887 646 2960 eiusdem
672 2888 761 2960 idem
788 2889 948 2960 talentum
976 2887 1150 2982 sepedicto
1163 2887 1200 2958 L.
1227 2897 1262 2957 et
1287 2887 1329 2959 ad
1345 2894 1709 2982 recompensacionem

331 2986 570 3081 obsequiorum
598 2987 818 3060 Gerdrudi
843 2991 947 3060 uxori
973 3009 1034 3060 sue
1061 2985 1263 3060 contulimus
1288 2990 1323 3058 in
1347 2986 1451 3060 feodo
1465 2989 1708 3083 possidendum

332 3090 424 3157 etin
451 3085 599 3160 heredes
626 3109 708 3160 suos
735 3091 810 3182 ipso
837 3090 911 3158 iure
930 3085 1213 3158 transferendum.
1266 3087 1353 3159 Huic
1379 3088 1563 3160 collacionl
1587 3101 1708 3163 nostre

330 3185 576 3258 interfuerunt:
605 3185 799 3259 Gotelrldus
826 3187 1013 3280 llisilingus
1041 3189 1224 3258 canonicus
1253 3190 1391 3260 maioris
1418 3187 1592 3277 ecclesie,
1628 3213 1707 3263 ma-

331 3289 440 3379 gister
464 3287 676 3359 Hermannns
704 3289 861 3381 scriptor,
888 3287 926 3356 0.
954 3285 1118 3382 plebanus
1146 3285 1188 3356 de
1213 3285 1430 3379 lleiningen,
1455 3287 1638 3362 Heinricus
1666 3289 1708 3362 de

330 3385 580 3474 Botenlouhen,
605 3386 821 3458 Wernherus
846 3388 996 3459 vicar-ius
1022 3389 1057 3457 in
1081 3384 1239 3476 Biberah,
1266 3387 1393 3457 clerici.
1432 3387 1613 3460 Heinricus
1640 3389 1707 3461 da-

329 3487 428 3580 pll'er.
455 3485 650 3558 Gotelrldus
679 3488 897 3576 camerarius,
923 3485 1097 3557 lohannes
1123 3488 1296 3580 pincerna,
1324 3484 1456 3558 Zobelo
1473 3509 1549 3558 cum
1572 3489 1707 3561 Guten-

330 3583 433 3672 bere,
466 3583 630 3656 Albertns
658 3585 861 3679 Sporlinns,
898 3584 1093 3658 Gotelrldus
1121 3588 1261 3673 senior,
1297 3585 1491 3658 Gotelrldus
1517 3589 1630 3660 iunior
1665 3588 1707 3661 de

329 3683 584 3772 lloienlrolben,
610 3683 812 3757 ludewicus
839 3683 880 3755 de
907 3685 1156 3777 Tungersheim
1184 3695 1218 3755 et
1244 3685 1442 3779 aliiplures.
1478 3687 1602 3759 Actum
1618 3712 1706 3760 anno

331 3783 455 3855 domini
482 3785 541 3855 lll⁰·
562 3783 642 3855 00⁰·
657 3783 755 3855 XXX
781 3787 901 3872 tercio,
928 3787 962 3854 in
987 3807 1107 3856 mense
1128 3785 1241 3872 Junlo,
1267 3785 1451 3858 indictione
1465 3785 1534 3876 Vl,
1563 3793 1707 3883 episco-

281 3905 285 3932 ·
330 3895 427 3977 patus
453 3887 562 3955 nostrl
589 3906 677 3955 anno
706 3895 841 3955 octavo.

538 4043 694 4124 Appendet
715 4043 843 4123 sigillum
865 4041 1022 4106 Hermanni
1047 4049 1180 4125 episcopi
1202 4063 1241 4106 ex
1264 4044 1443 4110 membrana.
