3838 4728
814 435 1032 508 bionumeuta

789 771 1065 848 GDLXXXXVI.

638 975 728 1038 Anno
754 971 858 1054 1287,
882 970 933 1039 16.
957 971 1036 1052 Julii,
1059 971 1219 1054 Herbipoli.

223 1154 429 1234 Bertboldus
446 1129 698 1255 herbipolensis
727 1162 910 1254 episcopus
938 1157 1103 1230 decimam
1129 1162 1163 1230 in
1185 1155 1325 1229 Sletecb
1352 1159 1418 1231 sibi
1452 1179 1472 1230 a
1497 1155 1621 1231 iratri-

223 1261 287 1336 bus
322 1260 364 1334 de
394 1259 603 1334 blernbusen
636 1262 848 1354 resignatam
880 1261 1090 1331 monasterio
1125 1260 1161 1329 in
1196 1257 1380 1329 Lancheim
1414 1263 1619 1356 appropriat.

238 1465 253 1484 ··
325 1427 612 1504 bertholdus
640 1428 696 1500 dei
722 1432 832 1523 gratia
850 1425 1104 1523 herbipolensis
1132 1430 1328 1522 episcopus.
1367 1428 1508 1501 'l'euorc
1533 1451 1621 1524 pre-

227 1537 378 1610 sentium
402 1532 692 1624 recognoscimus
716 1539 785 1600 tam
811 1527 1029 1624 presentibus
1055 1547 1154 1621 quam
1179 1526 1317 1618 futuris,
1356 1528 1447 1622 quod
1472 1529 1621 1600 Theo-

227 1634 431 1718 dericus,
470 1630 660 1702 iwanus
697 1637 732 1700 et
762 1683 769 1698 .
799 1681 806 1697 .
836 1684 843 1698 .
873 1630 931 1721 .*)
967 1627 1094 1703 iratres
1131 1626 1175 1698 de
1208 1625 1488 1701 biernbusen
1527 1627 1621 1701 illam

228 1733 395 1805 decimam
418 1729 454 1801 iu
481 1727 615 1799 Slete
630 1727 699 1816 ch,
727 1749 825 1822 quam
851 1728 998 1800 iidemu
1023 1727 1123 1801 nobis
1139 1725 1301 1799 tenebant
1325 1731 1361 1798 in
1376 1727 1493 1816 feodo,
1519 1729 1622 1804 nobis

226 1832 338 1906 libere
372 1831 615 1920 resignantes,
654 1825 825 1898 humiliter
864 1829 1116 1924 supplicarunt,
1158 1837 1197 1899 vt
1235 1826 1380 1900 eandem
1418 1828 1551 1902 dilectis
1586 1832 1623 1902 in

229 1932 365 2004 Christo
393 1979 401 1996 .
431 1981 438 1996 .
480 1925 593 2000 abbati
627 1937 662 1998 et
696 1932 880 1999 conuentni
914 1929 1116 2001 monasterii
1142 1929 1177 1998 iu
1209 1925 1465 2018 bancheim,
1491 1928 1621 2002 ordinis

227 2029 475 2116 cisterciensis,
504 2024 792 2120 babinbergensis
821 2026 1006 2124 dyocesis,
1033 2026 1163 2100 donare
1189 2029 1225 2098 iu
1249 2031 1424 2122 proprium
1449 2025 1620 2123 dignere-

226 2151 312 2204 mur.
363 2125 437 2200 Nos
464 2129 578 2220 itaque
604 2126 646 2198 ad
673 2126 941 2222 supplicationes
974 2125 1167 2200 huiusmodi
1193 2125 1431 2200 fauorabiliter
1456 2128 1621 2220 inclinati,

227 2228 415 2328 predictam
432 2225 599 2298 decimam
626 2283 635 2300 .
662 2281 670 2296 .
697 2225 810 2298 abbati
836 2238 871 2299 et
885 2230 1070 2305 conuentui
1084 2225 1209 2322 prelati
1235 2231 1438 2301 monasterii
1454 2227 1621 2302 donamus

229 2335 266 2404 in
302 2329 489 2426 proprium,
521 2329 601 2419 jure
638 2329 855 2423 meriproprii
881 2329 1049 2426 perpetim
1084 2325 1349 2422 possidendam,
1389 2351 1409 2400 a
1444 2327 1546 2400 nobis
1585 2339 1623 2400 et

227 2434 357 2506 nostris
405 2425 668 2500 successoribus
716 2449 819 2502 omne
865 2431 940 2518 ius,
989 2427 1079 2522 quod
1123 2425 1223 2498 nobis
1274 2430 1310 2498 in
1357 2429 1434 2524 ipsa
1483 2427 1618 2500 decima

228 2527 463 2626 competebat,
498 2530 635 2620 penitus
660 2526 878 2618 abdicantes,
919 2527 981 2599 sed
1015 2523 1099 2598 illud
1133 2529 1169 2598 in
1195 2524 1372 2622 abbatem,
1414 2538 1619 2600 conuentum

230 2642 265 2703 et
312 2629 557 2701 monasterium
604 2625 798 2722 predictos,
850 2649 927 2700 cum
979 2627 1083 2722 pleno
1129 2647 1244 2698 rernm
1296 2627 1444 2702 dominio
1495 2639 1616 2702 truns-

227 2729 393 2804 iercntes.
445 2725 484 2798 ln
510 2747 653 2820 quorum
678 2731 927 2822 premissorum
953 2727 1184 2800 testimonium
1212 2724 1300 2800 banc
1325 2731 1483 2824 paginam
1509 2732 1620 2802 nostri

229 2829 336 2924 sigilli
390 2829 580 2921 patrocinio
632 2823 848 2900 roboramus.
929 2827 1051 2898 Datum
1096 2823 1295 2921 Herbipoli,
1351 2849 1441 2900 armo
1492 2827 1619 2902 domiui

228 2923 534 3016 noctxxxvu,
557 2929 593 2997 iu
617 2930 768 3000 crastino
799 2926 978 3002 diuisiouis
995 2926 1244 3022 apostolorum,
1270 2925 1485 3024 pontificatus
1509 2931 1618 3003 nostri

231 3047 320 3134 auno
347 3023 435 3099 Xlll.

268 3172 270 3180 l
442 3221 604 3306 Appendet
625 3221 765 3305 sigillum.

355 3364 358 3372 Δ
440 3378 475 3456 *)
495 3377 552 3444 llic
572 3384 603 3444 iu
625 3375 727 3442 charte
749 3383 877 3460 spatium
899 3380 1037 3444 relictum
1060 3387 1115 3444 cst.
