3836 4722
639 409 857 502 episcopatus
887 403 1178 500 wirsiburgensis.
1552 407 1599 484 ιι

221 599 529 676 ιιιιιτιιιιιιιιιιιιιιι.
579 603 718 680 Attiou
742 608 842 678 etium
875 613 912 676 ct
935 603 1022 678 bano
1055 605 1305 696 conditionem,
1329 617 1365 678 ut
1393 607 1518 682 milites
1544 611 1597 682 sui

220 723 280 796 par
307 707 551 778 successiones
576 704 722 778 illiorum
756 727 816 778 sua
842 703 1007 778 benebcin
1032 704 1154 778 eodem
1180 710 1253 778 lure
1280 705 1492 798 obtinerent,
1530 729 1597 803 (pro

221 812 360 896 apatre
386 805 460 875 eius
487 803 598 878 lelicis
625 809 790 877 memorie
814 805 973 877 Enone
1008 809 1146 900 suisque
1178 805 1454 902 progenitoribus
1488 829 1597 880 acca-
1649 887 1654 899 ,

220 912 348 996 parunt.
400 903 517 974 lloc
509 925 617 998 rpsum
654 903 927 977 dormientibus
961 909 1139 976 sanctitum
1172 917 1243 994 est,
1283 915 1317 976 et
1349 928 1394 977 ue
1429 906 1470 980 ad
1497 907 1596 980 aliam

219 1023 317 1096 quam
356 1012 472 1114 putres
511 1025 630 1076 eorum
671 1007 868 1077 seruitutem
905 1005 1118 1076 inclinentur.
1170 1005 1225 1078 An
1257 1005 1354 1076 huius
1388 1027 1473 1100 ergo
1506 1017 1596 1098 tants

219 1111 352 1196 umque
377 1085 553 1175 laudabilis
584 1104 814 1196 beniuolentie
849 1109 1203 1200 recompensationem
1236 1101 1277 1176 de
1316 1103 1416 1178 bonis
1448 1106 1595 1198 ecclesie

218 1214 353 1294 nostre,
394 1213 551 1296 quantum
589 1208 716 1278 uostris
759 1208 899 1298 eiusque
939 1203 1160 1278 familiaribus
1195 1203 1408 1300 complacuit,
1440 1217 1595 1301 prompto

218 1313 253 1374 et
289 1305 407 1374 uohuo
447 1309 559 1378 auimo
600 1307 857 1394 concessimus,
907 1303 1041 1378 scilicet
1084 1303 1225 1398 quod
1216 1327 1249 1376 ιιι
1285 1304 1516 1399 Turingia
1554 1304 1595 1377 ad

218 1413 371 1475 nostrum
405 1403 641 1477 dominicatum
675 1407 829 1498 respexit
861 1413 896 1476 et
928 1407 962 1475 in
997 1426 1087 1498 pago
1121 1401 1388 1493 Grahlelde,
1426 1404 1596 1476 Saralo-

217 1499 401 1592 lraltluu,
425 1502 1212 1598 Liudolldcri,bleiningeromorhu,
1239 1503 1595 1595 Quiunielt,h1a-

216 1600 543 1696 delrichestat,
562 1601 995 1696 Weruburgobusuu
1021 1625 1095 1674 cum
1122 1601 1275 1676 omnibus
1293 1601 1498 1698 appendiciis
1526 1608 1596 1678 suis

216 1704 373 1798 exceptis
406 1701 506 1776 bouis
539 1705 743 1778 clericorum
782 1712 817 1774 et
855 1707 1085 1776 seruientium
1138 1703 1226 1776 trem
1265 1725 1311 1774 cx
1350 1713 1469 1776 nostra
1500 1713 1597 1800 parta

215 1805 406 1874 iuramento
447 1807 631 1878 seruientis
667 1804 778 1876 nostri
812 1802 1000 1876 Bernhardi
1036 1801 1120 1874 lidos
1145 1803 1234 1873 lacta
1273 1813 1348 1892 ost,
1380 1813 1417 1872 ut
1455 1803 1597 1877 ιιιιιιιιοιιι

214 1905 544 2076 littlltlhh
566 1901 996 2080 “liilll'llhlh
1024 1901 1402 2074 tllllllihh
1418 1903 1597 2076 hihi

214 2111 391 2196 postremo
417 2113 551 2198 pactum
577 2103 723 2176 fecimus
748 2100 960 2192 huiusmodi,
994 2111 1030 2172 ut
1056 2105 1085 2175 si
1111 2101 1169 2172 uel
1194 2124 1259 2174 uos
1284 2099 1342 2173 uel
1357 2123 1596 2176 successorum

214 2212 411 2274 nostrorruu
444 2202 564 2298 aliquis
598 2201 640 2274 (le
665 2205 910 2298 prenominatis
936 2199 1216 2297 possessionibus
1243 2211 1362 2273 contra
1387 2201 1596 2274 uoluntatem

214 2304 290 2374 eius
328 2302 479 2374 auferret
514 2307 690 2398 quicquam
714 2301 773 2374 uel
798 2305 980 2389 minueret,
1005 2305 1079 2395 ipsa
1103 2300 1214 2372 libere
1237 2324 1298 2374 sua
1314 2304 1495 2396 reciperet.

315 2401 356 2474 lli
379 2423 522 2497 quorum
548 2403 602 2476 hic
626 2405 764 2475 nomina
789 2403 827 2474 ιιι
851 2403 1080 2472 testimouium
1105 2400 1295 2496 subscripta
1322 2411 1411 2491 sunt,
1436 2401 1595 2473 traditio-

211 2522 292 2572 ueur
316 2499 404 2572 banc
429 2511 464 2574 et
490 2501 646 2575 uiderunt
672 2512 708 2574 et
743 2497 929 2575 audierunt.
979 2499 1163 2572 Winitheri
1191 2499 1429 2588 cancellarius,
1452 2500 1600 2573 Beruoli

212 2603 421 2696 prepositus,
447 2601 558 2674 Aselo
576 2602 738 2692 decanus,
762 2599 936 2688 llauecho,
960 2597 1119 2689 Macella,
1138 2600 1261 2672 Acelin
1277 2602 1456 2696 prepositi,
1480 2599 1596 2673 Adel-

213 2699 331 2788 brath,
358 2699 495 2790 Uolrat,
522 2695 688 2788 Robbolt,
714 2700 875 2786 l'coeliu,
900 2699 1060 2792 lliltiger,
1079 2700 1190 2794 lippo,
1211 2698 1400 2820 Engilhart,
1416 2699 1596 2794 biupprath

212 2775 419 2896 presbiteri,
451 2801 553 2874 llatto
580 2801 858 2888 archidiaconus,
891 2798 1052 2887 Einhart
1086 2800 1261 2894 Pernger,
1299 2792 1436 2888 Οιιόιιο,
1470 2798 1596 2892 Aselo,

37 2891 39 2916 ¹
178 2929 181 2934 ·
212 2899 387 2990 Heinrich
414 2899 569 2993 Sigelrit,
594 2901 690 2990 Gisu,
717 2899 900 2987 Peoeman,
927 2896 1077 2986 Suither,
1101 2897 1286 2972 Ellenbero
1310 2897 1453 2970 diaconi.
1481 2899 1597 2990 llutto,

211 2999 309 3089 Bilis,
334 2999 439 3090 Rern,
472 3001 605 3091 Tieuro,
631 2999 844 3089 Willehulm,
871 2991 999 3088 cutio,
1025 2997 1123 3070 Otolf
1143 2997 1350 3072 subdiaconi

290 3099 528 3174 Eberhardus
555 3123 672 3174 comes
698 3111 885 3218 nostreque
911 3097 1096 3172 aduocatos
1124 3098 1284 3192 ecclesie,
1322 3098 1488 3170 Βιιιιιιιιιιι
1524 3123 1592 3171 oo-

214 3219 311 3288 ruas,
347 3200 529 3288 llantuuic,
570 3199 792 3290 Gumhracht,
832 3191 1023 3288 Rohhratb,
1056 3197 1216 3289 llacclrc,
1250 3199 1386 3288 sonat,
1423 3197 1596 3290 Heinrich,

212 3253 416 3390 Adellrocb,
439 3299 654 3392 llarcuuart,
685 3301 847 3387 Dicatur,
887 3297 985 3389 Ebc,
1024 3297 1209 3394 Helpreht,
1248 3295 1397 3389 arnolt,
1435 3295 1595 3388 Genucio,

212 3391 406 3485 thbroth,
453 3398 626 3490 Wollrat,
661 3400 845 3486 Ramuolt,
894 3397 1116 3488 Ohunimunt,
1149 3398 1362 3486 lllarcuuert,
1399 3395 1594 3490 Sigebralb,

212 3497 411 3589 Wmulr'ori,
437 3497 595 3589 Richart,
622 3500 687 3595 Sig
688 3500 802 3590 ebolt,
826 3497 1015 3590 Sigeboto,
1042 3497 1253 3588 walterich,
1277 3497 1458 3586 Harmuic,
1483 3497 1595 3570 Seut-

213 3600 312 3686 uuiu,
348 3598 532 3690 Sigelrith,
559 3599 702 3688 Otlocb,
727 3597 912 3692 Regiuolt,
942 3596 1113 3686 Gcrhunc,
1137 3597 1293 3686 Alcman,
1319 3595 1472 3688 Suitger,
1496 3596 1595 3670 huo-

214 3697 356 3788 donuio,
400 3699 580 3788 llerimarr,
626 3699 787 3788 Suitlrar,
821 3695 963 3787 Vocco,
1003 3696 1161 3786 Suither,
1199 3699 1358 3786 Diceret,
1398 3695 1596 3792 Volepratb,

213 3796 375 3892 Alhgast,
399 3797 596 3889 wernheri,
624 3797 818 3886 Adclhocb,
842 3795 1041 3884 Wernbcri,
1066 3797 1210 3885 l'lllrrcc,
1247 3795 1452 3886 Waltericb,
1482 3797 1595 3872 Heia-

212 3898 298 3987 ricb,
322 3897 428 3982 Pobo,
453 3897 591 3987 hunolt,
617 3885 782 3986 friderich,
810 3897 967 3972 Gotelrit.
1019 3849 1308 3990 (lllouogramura)
1342 3892 1380 3988 ¹).

311 3998 399 4070 nan
423 4009 503 4071 suut
527 3997 591 4072 hec
617 4018 706 4074 anuo
731 4001 974 4074 incaruotiouio
1009 3996 1175 4086 bombico
1208 3995 1392 4166 millesimo
1419 4001 1589 4092 quinquo·
