3768 4728
334 521 407 592 270
450 557 452 563 ·
581 571 585 590 .
911 519 1128 594 Monumenta

335 716 466 792 edificia
491 715 633 789 liberam
658 727 862 813 potestatem
889 715 1044 804 habebit,
1084 723 1171 791 sicut
1203 721 1286 790 iuris
1318 728 1372 789 est
1397 720 1579 811 unicuique
1606 739 1710 812 super

334 841 428 892 suam
453 820 707 914 proprietatem.
760 815 956 892 statuentes
983 817 1128 914 deniquo
1168 820 1267 890 etiam
1294 839 1357 913 pro
1384 817 1519 888 annuali
1543 838 1649 888 censu
1675 827 1711 887 et

333 917 505 991 oblatione
531 915 574 988 de
600 939 681 990 area
706 916 770 988 hac
795 927 830 990 ct
868 921 940 991 suis
979 921 1163 990 attinentiis
1199 939 1218 990 a
1256 927 1505 1013 prememorata
1530 914 1639 988 ludeo
1675 927 1709 987 et

333 1023 406 1091 eius
432 1015 615 1090 heredibus
641 1016 741 1090 nobis
767 1020 800 1088 in
826 1016 916 1090 iesto
943 1021 1051 1090 sancti
1076 1017 1275 1090 Michahelis
1301 1039 1404 1089 vnam
1425 1017 1496 1088 dari
1513 1015 1708 1086 maldratam

332 1121 433 1190 tritici
459 1115 604 1211 singulis
631 1121 728 1190 annis
756 1127 791 1188 ot
816 1119 867 1188 sic
890 1116 1000 1189 libere
1026 1127 1060 1189 et
1085 1121 1198 1213 quiete
1224 1139 1339 1189 areant
1365 1117 1571 1213 sepedictam
1588 1120 1710 1210 possi-

225 1283 228 1302 ,
332 1217 467 1291 debunt.
519 1216 565 1287 Vt
589 1226 700 1288 autem
727 1237 830 1312 super
856 1227 980 1290 statuto
1006 1216 1103 1290 huius
1130 1215 1221 1290 modi
1253 1238 1354 1289 nemo
1387 1214 1580 1288 attenuandi
1607 1237 1710 1287 causa

334 1339 508 1412 exurgere
531 1316 647 1388 valeat
673 1325 792 1388 contra
816 1337 881 1390 nos
907 1317 965 1388 uel
992 1327 1110 1389 contra
1143 1316 1272 1390 Judeos
1299 1316 1492 1405 antelatos,
1528 1337 1595 1386 noc
1630 1317 1709 1386 cui·

333 1439 430 1513 quam
457 1421 557 1489 etiam
584 1416 654 1487 vlla
677 1415 830 1488 dubietas
857 1415 901 1488 ob
925 1416 993 1488 hoc
1018 1420 1171 1505 oriatur,
1197 1427 1252 1490 set
1275 1427 1384 1488 ratum
1411 1426 1446 1488 ot
1471 1414 1709 1487 inconuulsum

331 1517 505 1606 habeatur,
530 1526 726 1611 presentem
752 1519 909 1611 paginam
935 1515 1079 1590 anobis
1120 1515 1242 1588 aditum
1270 1517 1375 1610 sigilli
1412 1516 1563 1588 ecclesio
1589 1524 1710 1586 nostre

332 1627 507 1690 caractere
532 1617 692 1686 iussimus
716 1618 884 1710 insigniri.
925 1618 1014 1689 Acta
1040 1626 1118 1689 sunt
1142 1616 1207 1688 hec
1233 1639 1320 1688 anno
1334 1615 1393 1688 ΜΟ·
1417 1613 1498 1688 00⁰·
1519 1613 1711 1701 XXXV10·,

331 1715 405 1788 Vll.
433 1711 511 1786 Idus
536 1713 732 1804 Februarii,
757 1713 845 1788 vul.
871 1713 1067 1789 indictione.
1120 1717 1263 1790 Testes:
1290 1713 1465 1788 Amoldus
1491 1713 1640 1786 decanus
1678 1725 1714 1784 et

332 1820 385 1889 sui
411 1817 645 1901 concanonici,
669 1813 863 1887 Fridericus
891 1827 1021 1904 cantor,
1046 1815 1222 1890 Arnoldus
1247 1825 1377 1903 custos,
1404 1811 1567 1888 Albertus
1595 1811 1710 1884 cello-

331 1919 454 2006 rariuS,
481 1913 676 1986 Gotelridus
703 1913 746 1986 de
765 1914 951 2009 Sviegern,
976 1915 1171 1988 Fridericus
1199 1915 1241 1987 de
1256 1915 1451 2003 Grindelah,
1475 1911 1710 1986 Marcwardus

333 2015 375 2087 de
402 2013 554 2102 Oastcle,
580 2012 657 2086 Otto
685 2013 727 2086 de
743 2014 954 2103 hutterburc,
980 2015 1155 2088 Arnoldus
1173 2015 1295 2104 Huius,
1320 2015 1501 2088 Heinricus
1517 2012 1560 2086 do
1576 2012 1708 2086 Stube-

333 2135 450 2208 wege,
475 2113 688 2208 Kisenligus,
712 2113 925 2188 burchardus
953 2115 995 2186 de
1020 2114 1229 2207 Ebersberc,
1253 2113 1416 2188 Albertus
1448 2114 1491 2186 de
1516 2112 1712 2199 Grindaala,

331 2215 450 2310 Boppo
477 2212 519 2285 de
545 2213 764 2309 Trimperch,
791 2213 1039 2288 Cremesarius.
1090 2215 1203 2287 haici:
1238 2214 1398 2309 Walpcrt
1423 2215 1558 2301 Torso,
1591 2213 1711 2286 utare

331 2324 420 2386 wart
447 2313 579 2405 Cruso,
614 2313 790 2386 Friderich
828 2313 869 2387 de
897 2314 1050 2404 Crenso,
1086 2314 1238 2388 Richalm
1264 2313 1403 2401 Hacho,
1437 2313 1595 2386 Richalm
1620 2311 1711 2384 filius

330 2403 544 2507 berengeri,
585 2413 707 2486 Horolt
732 2413 880 2505 bewer,
912 2414 1077 2508 Rudoger
1110 2414 1198 2486 lilius
1234 2413 1429 2508 Ruppoldi,
1469 2411 1631 2486 Heinrich
1668 2410 1712 2484 do

330 2512 616 2593 Randesachere,
648 2513 810 2586 Heinrich
836 2514 878 2586 de
904 2515 1089 2604 Hocheim,
1125 2513 1251 2586 Cunrat
1280 2513 1484 2602 Blunabart,
1517 2512 1640 2586 Horolt
1665 2533 1713 2584 ex

333 2613 441 2686 altera
465 2623 562 2708 parte
587 2613 695 2706 Mogi,
720 2613 898 2688 Hertwich
924 2613 966 2686 de
982 2613 1092 2704 Nihto,
1117 2612 1267 2701 Alwich,
1294 2613 1464 2688 Godcbolt
1489 2611 1532 2684 do
1546 2611 1712 2684 Randes-

333 2713 470 2804 achere,
495 2711 623 2784 Gvnrat
637 2711 774 2804 Vbelin,
786 2713 943 2807 hugelin,
957 2714 1119 2788 Heinrich
1133 2716 1285 2786 notarius
1298 2717 1457 2795 ciuitatis,
1479 2712 1595 2784 Judei:
1612 2711 1713 2784 Cho-

332 2811 459 2906 phelin,
478 2812 565 2884 bleir
580 2810 668 2884 lilius
680 2813 836 2903 blancam,
859 2813 997 2886 Salman
1012 2837 1121 2907 gener
1134 2811 1333 2886 Michahelis
1343 2823 1379 2886 et
1396 2813 1453 2884 olii
1470 2835 1568 2907 quiam
1581 2812 1711 2908 plures.

545 2943 681 3028 Sigillum
705 2947 822 3028 capituli
844 2951 966 3010 maioris
989 2948 1138 3010 ccclesiae
1160 2946 1246 3010 valde
1269 2948 1383 3010 laesum
1403 2945 1558 3028 appendat.

928 3241 1116 3314 GGXLth.

731 3414 820 3475 Anno
845 3407 953 3491 1236,
975 3409 1027 3474 22.
1049 3411 1155 3490 hlartii,
1180 3411 1310 3476 Viterbi't

334 3565 522 3663 Gregorius
548 3591 634 3664 papa
659 3567 717 3640 lX.
744 3565 980 3661 [Wilbrando]
1006 3566 1265 3663 archiepiscopo
1292 3567 1606 3662 magdeburgensi,
1647 3591 1714 3641 nec

332 3691 402 3741 uon
429 3672 600 3764 episcopis
628 3665 819 3764 [Honrado]
845 3665 1112 3738 hildeshemensi
1139 3677 1173 3738 et
1199 3665 1433 3763 [Echehardo]
1453 3667 1713 3762 mersburgensi

333 3767 480 3860 mandat,
506 3779 670 3863 quatenus
697 3765 940 3842 molestatores
967 3766 1140 3840 ccclesiae
1169 3765 1421 3862 herbipolensis
1448 3791 1713 3864 percensuram

763 3866 1033 3938 ecclesiasticam
1060 3877 1289 3962 compescant.

410 3995 680 4093 ¹Gregorius
720 4001 925 4094 episcopus,
966 4021 1087 4072 seruus
1131 4021 1309 4072 seruorum
1342 4001 1420 4089 dei,
1454 4001 1712 4080 venerabilibus

333 4099 491 4177 iratribus
520 4155 527 4170 .
558 4155 565 4171 .
617 4097 890 4194 Archiepiscopo
931 4097 1226 4192 magdeburgensi,
1257 4155 1264 4170 .
1294 4155 1300 4172 .
1330 4101 1575 4176 hildesemexsi
1602 4115 1637 4174 et
1666 4161 1672 4176 .
1704 4159 1712 4176 .
