<?xml version="1.0" encoding="UTF-8"?>
<!DOCTYPE html PUBLIC "-//W3C//DTD XHTML 1.0 Transitional//EN"
    "http://www.w3.org/TR/xhtml1/DTD/xhtml1-transitional.dtd">
<html xmlns="http://www.w3.org/1999/xhtml" xml:lang="en" lang="en">
 <head>
  <title>
</title>
<meta http-equiv="Content-Type" content="text/html;charset=utf-8" />
  <meta name='ocr-system' content='tesseract 3.04.00' />
  <meta name='ocr-capabilities' content='ocr_page ocr_carea ocr_par ocr_line ocrx_word'/>
</head>
<body>
  <div class='ocr_page' id='page_1' title='image "./monumentaboica00karagoog_0346.png"; bbox 0 0 3768 4728; ppageno 0'>
   <div class='ocr_carea' id='block_1_1' title="bbox 275 319 1078 428">
    <p class='ocr_par' dir='ltr' id='par_1_1' title="bbox 275 319 1078 428">
     <span class='ocr_line' id='line_1_1' title="bbox 275 319 1078 428; baseline 0.01 -8"><span class='ocrx_word' id='word_1_1' title='bbox 275 319 351 421; x_wconf 75' lang='lat' dir='ltr'>sat</span> <span class='ocrx_word' id='word_1_2' title='bbox 859 351 1078 428; x_wconf 81' lang='lat' dir='ltr'>Monumenta</span> 
     </span>
    </p>
   </div>
   <div class='ocr_carea' id='block_1_2' title="bbox 261 549 1661 4066">
    <p class='ocr_par' dir='ltr' id='par_1_2' title="bbox 261 549 1661 4066">
     <span class='ocr_line' id='line_1_2' title="bbox 279 549 1661 652; baseline 0.007 -30"><span class='ocrx_word' id='word_1_3' title='bbox 279 551 436 626; x_wconf 87' lang='lat' dir='ltr'>duximus</span> <span class='ocrx_word' id='word_1_4' title='bbox 453 549 696 624; x_wconf 88' lang='lat' dir='ltr'>commutanda.</span> <span class='ocrx_word' id='word_1_5' title='bbox 749 553 822 624; x_wconf 86' lang='lat' dir='ltr'>Her</span> <span class='ocrx_word' id='word_1_6' title='bbox 848 565 958 624; x_wconf 84' lang='lat' dir='ltr'>autam</span> <span class='ocrx_word' id='word_1_7' title='bbox 982 565 1071 646; x_wconf 89' lang='lat' dir='ltr'>sunt,</span> <span class='ocrx_word' id='word_1_8' title='bbox 1098 579 1163 652; x_wconf 88' lang='lat' dir='ltr'>que</span> <span class='ocrx_word' id='word_1_9' title='bbox 1178 565 1298 630; x_wconf 87' lang='lat' dir='ltr'>nostre</span> <span class='ocrx_word' id='word_1_10' title='bbox 1315 556 1661 632; x_wconf 85' lang='lat' dir='ltr'>cesseruntacclosie</span> 
     </span>
     <span class='ocr_line' id='line_1_3' title="bbox 278 650 1660 732; baseline 0.007 -9"><span class='ocrx_word' id='word_1_11' title='bbox 278 651 366 723; x_wconf 87' lang='lat' dir='ltr'>bona</span> <span class='ocrx_word' id='word_1_12' title='bbox 395 658 426 723; x_wconf 91' lang='lat' dir='ltr'>in</span> <span class='ocrx_word' id='word_1_13' title='bbox 453 650 716 724; x_wconf 88' lang='lat' dir='ltr'>Visenlreinr</span> <span class='ocrx_word' id='word_1_14' title='bbox 745 664 779 724; x_wconf 91' lang='lat' dir='ltr'>et</span> <span class='ocrx_word' id='word_1_15' title='bbox 805 653 887 725; x_wconf 87' lang='lat' dir='ltr'>villa</span> <span class='ocrx_word' id='word_1_16' title='bbox 916 655 1192 727; x_wconf 84' lang='lat' dir='ltr'>illustnildin</span> <span class='ocrx_word' id='word_1_17' title='bbox 1220 660 1375 730; x_wconf 85' lang='lat' dir='ltr'>estimato</span> <span class='ocrx_word' id='word_1_18' title='bbox 1392 657 1534 730; x_wconf 81' lang='lat' dir='ltr'>adXX⁸i</span> <span class='ocrx_word' id='word_1_19' title='bbox 1556 656 1660 732; x_wconf 91' lang='lat' dir='ltr'>libras</span> 
     </span>
     <span class='ocr_line' id='line_1_4' title="bbox 279 751 1660 852; baseline 0.006 -30"><span class='ocrx_word' id='word_1_20' title='bbox 279 753 494 824; x_wconf 74' lang='lat' dir='ltr'>denariorum</span> <span class='ocrx_word' id='word_1_21' title='bbox 521 751 811 846; x_wconf 72' lang='lat' dir='ltr'>herbipolensium</span> <span class='ocrx_word' id='word_1_22' title='bbox 837 764 953 850; x_wconf 87' lang='lat' dir='ltr'>preter</span> <span class='ocrx_word' id='word_1_23' title='bbox 980 756 1045 827; x_wconf 89' lang='lat' dir='ltr'>alia</span> <span class='ocrx_word' id='word_1_24' title='bbox 1066 759 1224 843; x_wconf 70' lang='lat' dir='ltr'>seruitia,</span> <span class='ocrx_word' id='word_1_25' title='bbox 1252 768 1410 852; x_wconf 87' lang='lat' dir='ltr'>preterea</span> <span class='ocrx_word' id='word_1_26' title='bbox 1426 759 1523 829; x_wconf 90' lang='lat' dir='ltr'>XXX</span> <span class='ocrx_word' id='word_1_27' title='bbox 1539 762 1660 850; x_wconf 85' lang='lat' dir='ltr'>iugera</span> 
     </span>
     <span class='ocr_line' id='line_1_5' title="bbox 278 851 1660 954; baseline 0.006 -32"><span class='ocrx_word' id='word_1_28' title='bbox 278 857 453 924; x_wconf 84' lang='lat' dir='ltr'>uinearum</span> <span class='ocrx_word' id='word_1_29' title='bbox 480 876 553 923; x_wconf 92' lang='lat' dir='ltr'>cnm</span> <span class='ocrx_word' id='word_1_30' title='bbox 583 856 651 923; x_wconf 92' lang='lat' dir='ltr'>uini</span> <span class='ocrx_word' id='word_1_31' title='bbox 678 853 832 944; x_wconf 83' lang='lat' dir='ltr'>decima,</span> <span class='ocrx_word' id='word_1_32' title='bbox 868 877 987 945; x_wconf 86' lang='lat' dir='ltr'>nrons,</span> <span class='ocrx_word' id='word_1_33' title='bbox 1022 860 1076 950; x_wconf 90' lang='lat' dir='ltr'>qui</span> <span class='ocrx_word' id='word_1_34' title='bbox 1103 856 1223 928; x_wconf 91' lang='lat' dir='ltr'>dicitur</span> <span class='ocrx_word' id='word_1_35' title='bbox 1248 851 1528 954; x_wconf 82' lang='lat' dir='ltr'>Wielliergh,</span> <span class='ocrx_word' id='word_1_36' title='bbox 1560 881 1660 930; x_wconf 90' lang='lat' dir='ltr'>mons</span> 
     </span>
     <span class='ocr_line' id='line_1_6' title="bbox 279 953 1660 1054; baseline 0.004 -29"><span class='ocrx_word' id='word_1_37' title='bbox 279 953 569 1026; x_wconf 81' lang='lat' dir='ltr'>Sterrinberc</span> <span class='ocrx_word' id='word_1_38' title='bbox 609 975 682 1024; x_wconf 89' lang='lat' dir='ltr'>curn</span> <span class='ocrx_word' id='word_1_39' title='bbox 727 955 823 1028; x_wconf 87' lang='lat' dir='ltr'>siluis</span> <span class='ocrx_word' id='word_1_40' title='bbox 863 959 1029 1030; x_wconf 88' lang='lat' dir='ltr'>estimatis</span> <span class='ocrx_word' id='word_1_41' title='bbox 1064 957 1104 1027; x_wconf 88' lang='lat' dir='ltr'>ud</span> <span class='ocrx_word' id='word_1_42' title='bbox 1136 956 1198 1028; x_wconf 84' lang='lat' dir='ltr'>XO</span> <span class='ocrx_word' id='word_1_43' title='bbox 1229 959 1365 1051; x_wconf 86' lang='lat' dir='ltr'>jugera.</span> <span class='ocrx_word' id='word_1_44' title='bbox 1417 957 1560 1054; x_wconf 77' lang='lat' dir='ltr'><strong>Insuper</strong></span> <span class='ocrx_word' id='word_1_45' title='bbox 1585 962 1660 1051; x_wconf 86' lang='lat' dir='ltr'>agri</span> 
     </span>
     <span class='ocr_line' id='line_1_7' title="bbox 278 1055 1660 1154; baseline 0.005 -32"><span class='ocrx_word' id='word_1_46' title='bbox 278 1055 359 1126; x_wconf 83' lang='lat' dir='ltr'>culti</span> <span class='ocrx_word' id='word_1_47' title='bbox 385 1065 418 1126; x_wconf 91' lang='lat' dir='ltr'>et</span> <span class='ocrx_word' id='word_1_48' title='bbox 444 1055 572 1142; x_wconf 83' lang='lat' dir='ltr'>inculti,</span> <span class='ocrx_word' id='word_1_49' title='bbox 598 1063 706 1148; x_wconf 86' lang='lat' dir='ltr'>prata,</span> <span class='ocrx_word' id='word_1_50' title='bbox 732 1078 870 1149; x_wconf 89' lang='lat' dir='ltr'>pascua,</span> <span class='ocrx_word' id='word_1_51' title='bbox 898 1079 973 1126; x_wconf 92' lang='lat' dir='ltr'>cnm</span> <span class='ocrx_word' id='word_1_52' title='bbox 999 1059 1063 1127; x_wconf 86' lang='lat' dir='ltr'>uiis</span> <span class='ocrx_word' id='word_1_53' title='bbox 1092 1068 1126 1127; x_wconf 92' lang='lat' dir='ltr'>et</span> <span class='ocrx_word' id='word_1_54' title='bbox 1151 1059 1251 1131; x_wconf 91' lang='lat' dir='ltr'>inuiis</span> <span class='ocrx_word' id='word_1_55' title='bbox 1278 1081 1318 1128; x_wconf 91' lang='lat' dir='ltr'>ac</span> <span class='ocrx_word' id='word_1_56' title='bbox 1335 1061 1509 1154; x_wconf 83' lang='lat' dir='ltr'>mancipiis</span> <span class='ocrx_word' id='word_1_57' title='bbox 1530 1057 1660 1130; x_wconf 85' lang='lat' dir='ltr'>eisdem</span> 
     </span>
     <span class='ocr_line' id='line_1_8' title="bbox 276 1151 1659 1254; baseline 0.004 -30"><span class='ocrx_word' id='word_1_58' title='bbox 276 1153 377 1228; x_wconf 84' lang='lat' dir='ltr'>lronis</span> <span class='ocrx_word' id='word_1_59' title='bbox 405 1151 634 1244; x_wconf 65' lang='lat' dir='ltr'>attinentibus,</span> <span class='ocrx_word' id='word_1_60' title='bbox 662 1153 911 1250; x_wconf 91' lang='lat' dir='ltr'>inleodatisque</span> <span class='ocrx_word' id='word_1_61' title='bbox 937 1155 978 1227; x_wconf 89' lang='lat' dir='ltr'>ab</span> <span class='ocrx_word' id='word_1_62' title='bbox 1004 1161 1140 1251; x_wconf 87' lang='lat' dir='ltr'>antiquo</span> <span class='ocrx_word' id='word_1_63' title='bbox 1166 1155 1286 1248; x_wconf 92' lang='lat' dir='ltr'>bonis,</span> <span class='ocrx_word' id='word_1_64' title='bbox 1314 1180 1378 1252; x_wconf 85' lang='lat' dir='ltr'>que</span> <span class='ocrx_word' id='word_1_65' title='bbox 1402 1157 1544 1254; x_wconf 87' lang='lat' dir='ltr'>prelatis</span> <span class='ocrx_word' id='word_1_66' title='bbox 1572 1153 1659 1254; x_wconf 89' lang='lat' dir='ltr'>pre-</span> 
     </span>
     <span class='ocr_line' id='line_1_9' title="bbox 277 1253 1659 1352; baseline 0.006 -28"><span class='ocrx_word' id='word_1_67' title='bbox 277 1255 340 1326; x_wconf 88' lang='lat' dir='ltr'>diis</span> <span class='ocrx_word' id='word_1_68' title='bbox 366 1257 584 1350; x_wconf 76' lang='lat' dir='ltr'>proprietatis</span> <span class='ocrx_word' id='word_1_69' title='bbox 611 1253 707 1326; x_wconf 92' lang='lat' dir='ltr'>titulo</span> <span class='ocrx_word' id='word_1_70' title='bbox 736 1263 1001 1347; x_wconf 88' lang='lat' dir='ltr'>connectuntur,</span> <span class='ocrx_word' id='word_1_71' title='bbox 1036 1279 1101 1352; x_wconf 92' lang='lat' dir='ltr'>que</span> <span class='ocrx_word' id='word_1_72' title='bbox 1128 1261 1240 1328; x_wconf 89' lang='lat' dir='ltr'>omnia</span> <span class='ocrx_word' id='word_1_73' title='bbox 1271 1259 1443 1352; x_wconf 89' lang='lat' dir='ltr'>predictus</span> <span class='ocrx_word' id='word_1_74' title='bbox 1470 1269 1659 1332; x_wconf 90' lang='lat' dir='ltr'>conuentus</span> 
     </span>
     <span class='ocr_line' id='line_1_10' title="bbox 276 1355 1660 1454; baseline 0.003 -28"><span class='ocrx_word' id='word_1_75' title='bbox 276 1367 397 1428; x_wconf 86' lang='lat' dir='ltr'>nostre</span> <span class='ocrx_word' id='word_1_76' title='bbox 422 1357 612 1448; x_wconf 87' lang='lat' dir='ltr'>assignauit</span> <span class='ocrx_word' id='word_1_77' title='bbox 639 1356 789 1426; x_wconf 86' lang='lat' dir='ltr'>ecclesio</span> <span class='ocrx_word' id='word_1_78' title='bbox 817 1358 1034 1451; x_wconf 80' lang='lat' dir='ltr'>proprietatis</span> <span class='ocrx_word' id='word_1_79' title='bbox 1069 1359 1207 1429; x_wconf 91' lang='lat' dir='ltr'>nomine</span> <span class='ocrx_word' id='word_1_80' title='bbox 1239 1369 1405 1452; x_wconf 90' lang='lat' dir='ltr'>perpetuo</span> <span class='ocrx_word' id='word_1_81' title='bbox 1439 1355 1660 1454; x_wconf 84' lang='lat' dir='ltr'>possidenda,</span> 
     </span>
     <span class='ocr_line' id='line_1_11' title="bbox 267 1453 1656 1554; baseline 0.001 -27"><span class='ocrx_word' id='word_1_82' title='bbox 267 1465 408 1528; x_wconf 39' lang='lat' dir='ltr'>,retenta</span> <span class='ocrx_word' id='word_1_83' title='bbox 435 1453 497 1527; x_wconf 90' lang='lat' dir='ltr'>sibi</span> <span class='ocrx_word' id='word_1_84' title='bbox 525 1454 655 1526; x_wconf 87' lang='lat' dir='ltr'>decimu</span> <span class='ocrx_word' id='word_1_85' title='bbox 681 1459 714 1528; x_wconf 93' lang='lat' dir='ltr'>in</span> <span class='ocrx_word' id='word_1_86' title='bbox 738 1453 986 1527; x_wconf 84' lang='lat' dir='ltr'>l⁷lsinlreim</span> <span class='ocrx_word' id='word_1_87' title='bbox 1026 1467 1060 1528; x_wconf 86' lang='lat' dir='ltr'>et</span> <span class='ocrx_word' id='word_1_88' title='bbox 1098 1460 1190 1529; x_wconf 88' lang='lat' dir='ltr'>curia</span> <span class='ocrx_word' id='word_1_89' title='bbox 1227 1479 1335 1554; x_wconf 91' lang='lat' dir='ltr'>prope</span> <span class='ocrx_word' id='word_1_90' title='bbox 1369 1461 1584 1554; x_wconf 73' lang='lat' dir='ltr'>cymiterium</span> <span class='ocrx_word' id='word_1_91' title='bbox 1614 1457 1656 1530; x_wconf 89' lang='lat' dir='ltr'>ad</span> 
     </span>
     <span class='ocr_line' id='line_1_12' title="bbox 277 1553 1656 1654; baseline 0.005 -30"><span class='ocrx_word' id='word_1_92' title='bbox 277 1558 382 1650; x_wconf 87' lang='lat' dir='ltr'>ipsam</span> <span class='ocrx_word' id='word_1_93' title='bbox 412 1555 575 1626; x_wconf 80' lang='lat' dir='ltr'>decimam</span> <span class='ocrx_word' id='word_1_94' title='bbox 602 1553 843 1651; x_wconf 78' lang='lat' dir='ltr'>reponendam.</span> <span class='ocrx_word' id='word_1_95' title='bbox 894 1553 967 1628; x_wconf 91' lang='lat' dir='ltr'>Nos</span> <span class='ocrx_word' id='word_1_96' title='bbox 1005 1579 1092 1629; x_wconf 88' lang='lat' dir='ltr'>vero</span> <span class='ocrx_word' id='word_1_97' title='bbox 1131 1579 1197 1628; x_wconf 93' lang='lat' dir='ltr'>una</span> <span class='ocrx_word' id='word_1_98' title='bbox 1234 1579 1309 1627; x_wconf 89' lang='lat' dir='ltr'>eum</span> <span class='ocrx_word' id='word_1_99' title='bbox 1346 1557 1493 1654; x_wconf 90' lang='lat' dir='ltr'>capitulo</span> <span class='ocrx_word' id='word_1_100' title='bbox 1534 1569 1656 1632; x_wconf 88' lang='lat' dir='ltr'>nostre</span> 
     </span>
     <span class='ocr_line' id='line_1_13' title="bbox 276 1655 1656 1732; baseline 0.004 -8"><span class='ocrx_word' id='word_1_101' title='bbox 276 1655 421 1726; x_wconf 91' lang='lat' dir='ltr'>cenobio</span> <span class='ocrx_word' id='word_1_102' title='bbox 451 1665 638 1727; x_wconf 87' lang='lat' dir='ltr'>memorato</span> <span class='ocrx_word' id='word_1_103' title='bbox 667 1656 818 1730; x_wconf 84' lang='lat' dir='ltr'>dedimus</span> <span class='ocrx_word' id='word_1_104' title='bbox 845 1659 878 1728; x_wconf 90' lang='lat' dir='ltr'>in</span> <span class='ocrx_word' id='word_1_105' title='bbox 904 1667 1095 1730; x_wconf 91' lang='lat' dir='ltr'>restaurum</span> <span class='ocrx_word' id='word_1_106' title='bbox 1121 1679 1221 1730; x_wconf 88' lang='lat' dir='ltr'>omne</span> <span class='ocrx_word' id='word_1_107' title='bbox 1247 1661 1396 1730; x_wconf 85' lang='lat' dir='ltr'>uinctum</span> <span class='ocrx_word' id='word_1_108' title='bbox 1413 1669 1569 1732; x_wconf 88' lang='lat' dir='ltr'>nostrum</span> <span class='ocrx_word' id='word_1_109' title='bbox 1593 1655 1656 1730; x_wconf 88' lang='lat' dir='ltr'>sub</span> 
     </span>
     <span class='ocr_line' id='line_1_14' title="bbox 277 1755 1657 1852; baseline 0.004 -26"><span class='ocrx_word' id='word_1_110' title='bbox 277 1755 431 1826; x_wconf 88' lang='lat' dir='ltr'>Steine</span> <span class='ocrx_word' id='word_1_111' title='bbox 459 1765 537 1850; x_wconf 92' lang='lat' dir='ltr'>aput</span> <span class='ocrx_word' id='word_1_112' title='bbox 562 1755 790 1846; x_wconf 91' lang='lat' dir='ltr'>Xarlstat,</span> <span class='ocrx_word' id='word_1_113' title='bbox 828 1755 917 1850; x_wconf 89' lang='lat' dir='ltr'>quod</span> <span class='ocrx_word' id='word_1_114' title='bbox 956 1781 976 1828; x_wconf 92' lang='lat' dir='ltr'>a</span> <span class='ocrx_word' id='word_1_115' title='bbox 1009 1760 1087 1845; x_wconf 92' lang='lat' dir='ltr'>uia,</span> <span class='ocrx_word' id='word_1_116' title='bbox 1126 1779 1191 1851; x_wconf 88' lang='lat' dir='ltr'>que</span> <span class='ocrx_word' id='word_1_117' title='bbox 1224 1755 1346 1828; x_wconf 89' lang='lat' dir='ltr'>dicitur</span> <span class='ocrx_word' id='word_1_118' title='bbox 1372 1757 1657 1852; x_wconf 89' lang='lat' dir='ltr'>Steterloclr,</span> 
     </span>
     <span class='ocr_line' id='line_1_15' title="bbox 275 1854 1654 1951; baseline 0.004 -25"><span class='ocrx_word' id='word_1_119' title='bbox 275 1855 468 1926; x_wconf 85' lang='lat' dir='ltr'>extenditur</span> <span class='ocrx_word' id='word_1_120' title='bbox 493 1877 600 1950; x_wconf 90' lang='lat' dir='ltr'>usque</span> <span class='ocrx_word' id='word_1_121' title='bbox 626 1854 668 1926; x_wconf 89' lang='lat' dir='ltr'>ad</span> <span class='ocrx_word' id='word_1_122' title='bbox 693 1860 825 1948; x_wconf 88' lang='lat' dir='ltr'>uineas,</span> <span class='ocrx_word' id='word_1_123' title='bbox 853 1878 919 1951; x_wconf 91' lang='lat' dir='ltr'>que</span> <span class='ocrx_word' id='word_1_124' title='bbox 937 1855 1090 1929; x_wconf 90' lang='lat' dir='ltr'>dicuntur</span> <span class='ocrx_word' id='word_1_125' title='bbox 1107 1857 1332 1950; x_wconf 88' lang='lat' dir='ltr'>Vberlrov,</span> <span class='ocrx_word' id='word_1_126' title='bbox 1358 1861 1455 1933; x_wconf 87' lang='lat' dir='ltr'>cuius</span> <span class='ocrx_word' id='word_1_127' title='bbox 1483 1863 1654 1933; x_wconf 87' lang='lat' dir='ltr'>estimatio</span> 
     </span>
     <span class='ocr_line' id='line_1_16' title="bbox 268 1955 1658 2054; baseline 0.006 -28"><span class='ocrx_word' id='word_1_128' title='bbox 268 1958 330 2028; x_wconf 84' lang='lat' dir='ltr'>&#39;est</span> <span class='ocrx_word' id='word_1_129' title='bbox 354 1955 512 2028; x_wconf 88' lang='lat' dir='ltr'>LXXXV</span> <span class='ocrx_word' id='word_1_130' title='bbox 547 1960 721 2050; x_wconf 86' lang='lat' dir='ltr'>iugerum,</span> <span class='ocrx_word' id='word_1_131' title='bbox 761 1956 804 2028; x_wconf 88' lang='lat' dir='ltr'>de</span> <span class='ocrx_word' id='word_1_132' title='bbox 842 1977 908 2051; x_wconf 92' lang='lat' dir='ltr'>quo</span> <span class='ocrx_word' id='word_1_133' title='bbox 945 1968 1083 2051; x_wconf 89' lang='lat' dir='ltr'>quartus</span> <span class='ocrx_word' id='word_1_134' title='bbox 1118 1956 1217 2032; x_wconf 90' lang='lat' dir='ltr'>nobis</span> <span class='ocrx_word' id='word_1_135' title='bbox 1252 1958 1418 2054; x_wconf 79' lang='lat' dir='ltr'>cophinus</span> <span class='ocrx_word' id='word_1_136' title='bbox 1454 1969 1489 2032; x_wconf 89' lang='lat' dir='ltr'>et</span> <span class='ocrx_word' id='word_1_137' title='bbox 1524 1958 1658 2034; x_wconf 85' lang='lat' dir='ltr'>decima</span> 
     </span>
     <span class='ocr_line' id='line_1_17' title="bbox 274 2055 1656 2134; baseline 0.002 -4"><span class='ocrx_word' id='word_1_138' title='bbox 274 2055 497 2130; x_wconf 89' lang='lat' dir='ltr'>soluebantur</span> <span class='ocrx_word' id='word_1_139' title='bbox 523 2079 598 2128; x_wconf 91' lang='lat' dir='ltr'>cum</span> <span class='ocrx_word' id='word_1_140' title='bbox 625 2060 716 2128; x_wconf 91' lang='lat' dir='ltr'>omni</span> <span class='ocrx_word' id='word_1_141' title='bbox 742 2060 816 2129; x_wconf 91' lang='lat' dir='ltr'>iure</span> <span class='ocrx_word' id='word_1_142' title='bbox 844 2067 879 2129; x_wconf 87' lang='lat' dir='ltr'>et</span> <span class='ocrx_word' id='word_1_143' title='bbox 905 2055 1054 2130; x_wconf 88' lang='lat' dir='ltr'>dominio</span> <span class='ocrx_word' id='word_1_144' title='bbox 1090 2069 1125 2130; x_wconf 89' lang='lat' dir='ltr'>et</span> <span class='ocrx_word' id='word_1_145' title='bbox 1151 2081 1226 2130; x_wconf 91' lang='lat' dir='ltr'>curn</span> <span class='ocrx_word' id='word_1_146' title='bbox 1251 2061 1327 2130; x_wconf 88' lang='lat' dir='ltr'>iure</span> <span class='ocrx_word' id='word_1_147' title='bbox 1352 2059 1549 2132; x_wconf 86' lang='lat' dir='ltr'>licentiandi</span> <span class='ocrx_word' id='word_1_148' title='bbox 1574 2063 1656 2134; x_wconf 89' lang='lat' dir='ltr'>uin·</span> 
     </span>
     <span class='ocr_line' id='line_1_18' title="bbox 276 2155 1657 2255; baseline 0.004 -27"><span class='ocrx_word' id='word_1_149' title='bbox 276 2155 504 2248; x_wconf 68' lang='lat' dir='ltr'>demissiores,</span> <span class='ocrx_word' id='word_1_150' title='bbox 542 2156 632 2252; x_wconf 89' lang='lat' dir='ltr'>quod</span> <span class='ocrx_word' id='word_1_151' title='bbox 657 2155 792 2230; x_wconf 90' lang='lat' dir='ltr'>loube</span> <span class='ocrx_word' id='word_1_152' title='bbox 819 2157 958 2247; x_wconf 90' lang='lat' dir='ltr'>dicitur,</span> <span class='ocrx_word' id='word_1_153' title='bbox 988 2169 1145 2254; x_wconf 91' lang='lat' dir='ltr'>tempore</span> <span class='ocrx_word' id='word_1_154' title='bbox 1180 2159 1413 2255; x_wconf 85' lang='lat' dir='ltr'>autumpnali,</span> <span class='ocrx_word' id='word_1_155' title='bbox 1446 2161 1535 2234; x_wconf 85' lang='lat' dir='ltr'>siout</span> <span class='ocrx_word' id='word_1_156' title='bbox 1568 2159 1657 2234; x_wconf 87' lang='lat' dir='ltr'>idem</span> 
     </span>
     <span class='ocr_line' id='line_1_19' title="bbox 274 2257 1656 2355; baseline 0.005 -28"><span class='ocrx_word' id='word_1_157' title='bbox 274 2259 425 2330; x_wconf 83' lang='lat' dir='ltr'>uinctum</span> <span class='ocrx_word' id='word_1_158' title='bbox 451 2258 659 2333; x_wconf 88' lang='lat' dir='ltr'>dinoscimur</span> <span class='ocrx_word' id='word_1_159' title='bbox 683 2257 898 2355; x_wconf 81' lang='lat' dir='ltr'>possedisse.</span> <span class='ocrx_word' id='word_1_160' title='bbox 948 2258 1032 2330; x_wconf 89' lang='lat' dir='ltr'>ltem</span> <span class='ocrx_word' id='word_1_161' title='bbox 1067 2257 1219 2334; x_wconf 85' lang='lat' dir='ltr'>dedimus</span> <span class='ocrx_word' id='word_1_162' title='bbox 1255 2262 1308 2332; x_wconf 85' lang='lat' dir='ltr'>eis</span> <span class='ocrx_word' id='word_1_163' title='bbox 1345 2281 1447 2332; x_wconf 75' lang='lat' dir='ltr'>mam</span> <span class='ocrx_word' id='word_1_164' title='bbox 1481 2281 1598 2334; x_wconf 89' lang='lat' dir='ltr'>arearn</span> <span class='ocrx_word' id='word_1_165' title='bbox 1622 2263 1656 2334; x_wconf 90' lang='lat' dir='ltr'>in</span> 
     </span>
     <span class='ocr_line' id='line_1_20' title="bbox 273 2357 1657 2456; baseline 0.004 -27"><span class='ocrx_word' id='word_1_166' title='bbox 273 2357 501 2433; x_wconf 84' lang='lat' dir='ltr'>liarlistat</span> <span class='ocrx_word' id='word_1_167' title='bbox 524 2358 567 2431; x_wconf 90' lang='lat' dir='ltr'>de</span> <span class='ocrx_word' id='word_1_168' title='bbox 592 2363 749 2456; x_wconf 86' lang='lat' dir='ltr'>precaria</span> <span class='ocrx_word' id='word_1_169' title='bbox 775 2358 875 2434; x_wconf 91' lang='lat' dir='ltr'>nobis</span> <span class='ocrx_word' id='word_1_170' title='bbox 902 2357 1009 2432; x_wconf 87' lang='lat' dir='ltr'>danda</span> <span class='ocrx_word' id='word_1_171' title='bbox 1035 2357 1190 2451; x_wconf 85' lang='lat' dir='ltr'>liberam,</span> <span class='ocrx_word' id='word_1_172' title='bbox 1216 2361 1249 2431; x_wconf 90' lang='lat' dir='ltr'>in</span> <span class='ocrx_word' id='word_1_173' title='bbox 1276 2382 1342 2455; x_wconf 87' lang='lat' dir='ltr'>qua</span> <span class='ocrx_word' id='word_1_174' title='bbox 1368 2359 1520 2433; x_wconf 86' lang='lat' dir='ltr'>torcular</span> <span class='ocrx_word' id='word_1_175' title='bbox 1543 2360 1657 2434; x_wconf 87' lang='lat' dir='ltr'>etalio</span> 
     </span>
     <span class='ocr_line' id='line_1_21' title="bbox 274 2459 1656 2556; baseline 0.003 -24"><span class='ocrx_word' id='word_1_176' title='bbox 274 2459 316 2532; x_wconf 91' lang='lat' dir='ltr'>ad</span> <span class='ocrx_word' id='word_1_177' title='bbox 340 2462 456 2533; x_wconf 88' lang='lat' dir='ltr'>vinum</span> <span class='ocrx_word' id='word_1_178' title='bbox 482 2462 682 2536; x_wconf 88' lang='lat' dir='ltr'>necessaria</span> <span class='ocrx_word' id='word_1_179' title='bbox 717 2459 780 2536; x_wconf 88' lang='lat' dir='ltr'>sibi</span> <span class='ocrx_word' id='word_1_180' title='bbox 816 2460 953 2533; x_wconf 88' lang='lat' dir='ltr'>ualeant</span> <span class='ocrx_word' id='word_1_181' title='bbox 976 2481 1173 2556; x_wconf 87' lang='lat' dir='ltr'>preparare.</span> <span class='ocrx_word' id='word_1_182' title='bbox 1224 2461 1436 2535; x_wconf 84' lang='lat' dir='ltr'>Donauimus</span> <span class='ocrx_word' id='word_1_183' title='bbox 1469 2463 1572 2533; x_wconf 86' lang='lat' dir='ltr'>etiam</span> <span class='ocrx_word' id='word_1_184' title='bbox 1605 2465 1656 2536; x_wconf 87' lang='lat' dir='ltr'>eis</span> 
     </span>
     <span class='ocr_line' id='line_1_22' title="bbox 273 2559 1657 2656; baseline 0.002 -25"><span class='ocrx_word' id='word_1_185' title='bbox 273 2559 438 2632; x_wconf 87' lang='lat' dir='ltr'>decimam</span> <span class='ocrx_word' id='word_1_186' title='bbox 464 2564 568 2636; x_wconf 90' lang='lat' dir='ltr'>totius</span> <span class='ocrx_word' id='word_1_187' title='bbox 583 2560 667 2633; x_wconf 92' lang='lat' dir='ltr'>uille</span> <span class='ocrx_word' id='word_1_188' title='bbox 693 2559 916 2634; x_wconf 88' lang='lat' dir='ltr'>inRieden</span> <span class='ocrx_word' id='word_1_189' title='bbox 941 2563 976 2633; x_wconf 94' lang='lat' dir='ltr'>in</span> <span class='ocrx_word' id='word_1_190' title='bbox 992 2563 1099 2656; x_wconf 78' lang='lat' dir='ltr'>agris,</span> <span class='ocrx_word' id='word_1_191' title='bbox 1124 2562 1247 2649; x_wconf 87' lang='lat' dir='ltr'>uineis,</span> <span class='ocrx_word' id='word_1_192' title='bbox 1273 2563 1390 2656; x_wconf 87' lang='lat' dir='ltr'>pratis,</span> <span class='ocrx_word' id='word_1_193' title='bbox 1418 2563 1517 2652; x_wconf 88' lang='lat' dir='ltr'>ortis,</span> <span class='ocrx_word' id='word_1_194' title='bbox 1542 2560 1657 2652; x_wconf 86' lang='lat' dir='ltr'>cultis,</span> 
     </span>
     <span class='ocr_line' id='line_1_23' title="bbox 273 2659 1657 2758; baseline 0.004 -26"><span class='ocrx_word' id='word_1_195' title='bbox 273 2659 478 2756; x_wconf 87' lang='lat' dir='ltr'>quibuslibet</span> <span class='ocrx_word' id='word_1_196' title='bbox 515 2664 551 2734; x_wconf 92' lang='lat' dir='ltr'>in</span> <span class='ocrx_word' id='word_1_197' title='bbox 594 2672 770 2758; x_wconf 87' lang='lat' dir='ltr'>posterum</span> <span class='ocrx_word' id='word_1_198' title='bbox 808 2659 1010 2736; x_wconf 84' lang='lat' dir='ltr'>excolendis</span> <span class='ocrx_word' id='word_1_199' title='bbox 1050 2671 1086 2733; x_wconf 92' lang='lat' dir='ltr'>et</span> <span class='ocrx_word' id='word_1_200' title='bbox 1122 2663 1157 2732; x_wconf 92' lang='lat' dir='ltr'>in</span> <span class='ocrx_word' id='word_1_201' title='bbox 1195 2660 1389 2732; x_wconf 89' lang='lat' dir='ltr'>animalium</span> <span class='ocrx_word' id='word_1_202' title='bbox 1429 2663 1657 2754; x_wconf 83' lang='lat' dir='ltr'>nutrimentis,</span> 
     </span>
     <span class='ocr_line' id='line_1_24' title="bbox 273 2759 1655 2858; baseline 0.004 -26"><span class='ocrx_word' id='word_1_203' title='bbox 273 2765 368 2835; x_wconf 90' lang='lat' dir='ltr'>cuius</span> <span class='ocrx_word' id='word_1_204' title='bbox 395 2760 526 2833; x_wconf 91' lang='lat' dir='ltr'>decime</span> <span class='ocrx_word' id='word_1_205' title='bbox 553 2761 618 2834; x_wconf 89' lang='lat' dir='ltr'>due</span> <span class='ocrx_word' id='word_1_206' title='bbox 643 2773 758 2858; x_wconf 87' lang='lat' dir='ltr'>partes</span> <span class='ocrx_word' id='word_1_207' title='bbox 784 2762 999 2856; x_wconf 82' lang='lat' dir='ltr'>integraliter</span> <span class='ocrx_word' id='word_1_208' title='bbox 1024 2763 1098 2832; x_wconf 87' lang='lat' dir='ltr'>iure</span> <span class='ocrx_word' id='word_1_209' title='bbox 1123 2761 1313 2856; x_wconf 87' lang='lat' dir='ltr'>episcopali</span> <span class='ocrx_word' id='word_1_210' title='bbox 1337 2759 1437 2834; x_wconf 87' lang='lat' dir='ltr'>nobis</span> <span class='ocrx_word' id='word_1_211' title='bbox 1462 2772 1655 2836; x_wconf 80' lang='lat' dir='ltr'>cesserunt</span> 
     </span>
     <span class='ocr_line' id='line_1_25' title="bbox 272 2859 1656 2960; baseline 0.003 -28"><span class='ocrx_word' id='word_1_212' title='bbox 272 2860 415 2956; x_wconf 88' lang='lat' dir='ltr'>Insuper</span> <span class='ocrx_word' id='word_1_213' title='bbox 438 2882 554 2933; x_wconf 89' lang='lat' dir='ltr'>aream</span> <span class='ocrx_word' id='word_1_214' title='bbox 580 2865 614 2934; x_wconf 92' lang='lat' dir='ltr'>in</span> <span class='ocrx_word' id='word_1_215' title='bbox 639 2865 714 2960; x_wconf 89' lang='lat' dir='ltr'>ipsa</span> <span class='ocrx_word' id='word_1_216' title='bbox 740 2863 822 2935; x_wconf 89' lang='lat' dir='ltr'>nilla</span> <span class='ocrx_word' id='word_1_217' title='bbox 849 2862 890 2934; x_wconf 87' lang='lat' dir='ltr'>ab</span> <span class='ocrx_word' id='word_1_218' title='bbox 918 2860 1156 2935; x_wconf 83' lang='lat' dir='ltr'>exactionibus</span> <span class='ocrx_word' id='word_1_219' title='bbox 1185 2859 1350 2951; x_wconf 89' lang='lat' dir='ltr'>liberam,</span> <span class='ocrx_word' id='word_1_220' title='bbox 1376 2863 1410 2934; x_wconf 90' lang='lat' dir='ltr'>in</span> <span class='ocrx_word' id='word_1_221' title='bbox 1438 2884 1503 2956; x_wconf 82' lang='lat' dir='ltr'>qna</span> <span class='ocrx_word' id='word_1_222' title='bbox 1527 2863 1656 2936; x_wconf 79' lang='lat' dir='ltr'>carrium</span> 
     </span>
     <span class='ocr_line' id='line_1_26' title="bbox 272 2959 1656 3059; baseline 0.001 -26"><span class='ocrx_word' id='word_1_223' title='bbox 272 2971 308 3034; x_wconf 90' lang='lat' dir='ltr'>et</span> <span class='ocrx_word' id='word_1_224' title='bbox 343 2960 505 3034; x_wconf 90' lang='lat' dir='ltr'>horreum</span> <span class='ocrx_word' id='word_1_225' title='bbox 530 2973 715 3058; x_wconf 89' lang='lat' dir='ltr'>preparent</span> <span class='ocrx_word' id='word_1_226' title='bbox 750 2963 792 3034; x_wconf 91' lang='lat' dir='ltr'>ad</span> <span class='ocrx_word' id='word_1_227' title='bbox 827 2965 936 3059; x_wconf 88' lang='lat' dir='ltr'>ipsam</span> <span class='ocrx_word' id='word_1_228' title='bbox 972 2961 1137 3034; x_wconf 89' lang='lat' dir='ltr'>decimam</span> <span class='ocrx_word' id='word_1_229' title='bbox 1173 2961 1455 3036; x_wconf 84' lang='lat' dir='ltr'>conseruandam.</span> <span class='ocrx_word' id='word_1_230' title='bbox 1507 2961 1565 3034; x_wconf 75' lang='lat' dir='ltr'>At</span> <span class='ocrx_word' id='word_1_231' title='bbox 1590 2959 1656 3044; x_wconf 83' lang='lat' dir='ltr'>bec</span> 
     </span>
     <span class='ocr_line' id='line_1_27' title="bbox 270 3059 1654 3158; baseline 0.004 -26"><span class='ocrx_word' id='word_1_232' title='bbox 270 3059 424 3135; x_wconf 86' lang='lat' dir='ltr'>&#39;dedimus</span> <span class='ocrx_word' id='word_1_233' title='bbox 452 3065 504 3138; x_wconf 89' lang='lat' dir='ltr'>eis</span> <span class='ocrx_word' id='word_1_234' title='bbox 530 3063 618 3135; x_wconf 89' lang='lat' dir='ltr'>LVll</span> <span class='ocrx_word' id='word_1_235' title='bbox 644 3067 764 3158; x_wconf 83' lang='lat' dir='ltr'>iugera</span> <span class='ocrx_word' id='word_1_236' title='bbox 789 3062 912 3138; x_wconf 83' lang='lat' dir='ltr'>sorceti</span> <span class='ocrx_word' id='word_1_237' title='bbox 943 3064 1053 3136; x_wconf 90' lang='lat' dir='ltr'>nostri</span> <span class='ocrx_word' id='word_1_238' title='bbox 1079 3065 1113 3134; x_wconf 90' lang='lat' dir='ltr'>in</span> <span class='ocrx_word' id='word_1_239' title='bbox 1139 3060 1474 3158; x_wconf 80' lang='lat' dir='ltr'>Gramphisneit</span> <span class='ocrx_word' id='word_1_240' title='bbox 1499 3065 1534 3134; x_wconf 89' lang='lat' dir='ltr'>in</span> <span class='ocrx_word' id='word_1_241' title='bbox 1558 3062 1654 3153; x_wconf 87' lang='lat' dir='ltr'>loco,</span> 
     </span>
     <span class='ocr_line' id='line_1_28' title="bbox 273 3161 1655 3259; baseline 0.001 -27"><span class='ocrx_word' id='word_1_242' title='bbox 273 3165 328 3257; x_wconf 89' lang='lat' dir='ltr'>qui</span> <span class='ocrx_word' id='word_1_243' title='bbox 354 3165 495 3259; x_wconf 90' lang='lat' dir='ltr'>respicit</span> <span class='ocrx_word' id='word_1_244' title='bbox 520 3161 636 3235; x_wconf 90' lang='lat' dir='ltr'>uillam</span> <span class='ocrx_word' id='word_1_245' title='bbox 661 3163 899 3238; x_wconf 87' lang='lat' dir='ltr'>Retcestat</span> <span class='ocrx_word' id='word_1_246' title='bbox 925 3161 987 3237; x_wconf 90' lang='lat' dir='ltr'>sub</span> <span class='ocrx_word' id='word_1_247' title='bbox 1012 3171 1141 3253; x_wconf 88' lang='lat' dir='ltr'>monte,</span> <span class='ocrx_word' id='word_1_248' title='bbox 1167 3165 1223 3258; x_wconf 92' lang='lat' dir='ltr'>qui</span> <span class='ocrx_word' id='word_1_249' title='bbox 1248 3161 1369 3234; x_wconf 84' lang='lat' dir='ltr'>dicitur</span> <span class='ocrx_word' id='word_1_250' title='bbox 1393 3161 1535 3252; x_wconf 90' lang='lat' dir='ltr'>Virst,</span> <span class='ocrx_word' id='word_1_251' title='bbox 1561 3165 1655 3236; x_wconf 90' lang='lat' dir='ltr'>omni</span> 
     </span>
     <span class='ocr_line' id='line_1_29' title="bbox 272 3259 1654 3360; baseline 0.001 -27"><span class='ocrx_word' id='word_1_252' title='bbox 272 3266 347 3335; x_wconf 89' lang='lat' dir='ltr'>inre</span> <span class='ocrx_word' id='word_1_253' title='bbox 372 3261 633 3339; x_wconf 82' lang='lat' dir='ltr'>forestariorum</span> <span class='ocrx_word' id='word_1_254' title='bbox 660 3267 693 3336; x_wconf 92' lang='lat' dir='ltr'>in</span> <span class='ocrx_word' id='word_1_255' title='bbox 719 3267 794 3359; x_wconf 91' lang='lat' dir='ltr'>ipsa</span> <span class='ocrx_word' id='word_1_256' title='bbox 820 3261 908 3338; x_wconf 89' lang='lat' dir='ltr'>silue</span> <span class='ocrx_word' id='word_1_257' title='bbox 933 3261 1098 3360; x_wconf 89' lang='lat' dir='ltr'>particula</span> <span class='ocrx_word' id='word_1_258' title='bbox 1124 3261 1167 3334; x_wconf 93' lang='lat' dir='ltr'>ad</span> <span class='ocrx_word' id='word_1_259' title='bbox 1192 3283 1310 3336; x_wconf 90' lang='lat' dir='ltr'>aarum</span> <span class='ocrx_word' id='word_1_260' title='bbox 1326 3259 1539 3336; x_wconf 86' lang='lat' dir='ltr'>commodum</span> <span class='ocrx_word' id='word_1_261' title='bbox 1566 3285 1654 3358; x_wconf 90' lang='lat' dir='ltr'>per-</span> 
     </span>
     <span class='ocr_line' id='line_1_30' title="bbox 270 3361 1655 3462; baseline 0.001 -28"><span class='ocrx_word' id='word_1_262' title='bbox 270 3373 406 3462; x_wconf 90' lang='lat' dir='ltr'>petuum</span> <span class='ocrx_word' id='word_1_263' title='bbox 433 3373 614 3461; x_wconf 89' lang='lat' dir='ltr'>amputato.</span> <span class='ocrx_word' id='word_1_264' title='bbox 666 3363 710 3438; x_wconf 89' lang='lat' dir='ltr'>ttt</span> <span class='ocrx_word' id='word_1_265' title='bbox 734 3373 771 3435; x_wconf 92' lang='lat' dir='ltr'>ut</span> <span class='ocrx_word' id='word_1_266' title='bbox 795 3362 860 3436; x_wconf 88' lang='lat' dir='ltr'>lrec</span> <span class='ocrx_word' id='word_1_267' title='bbox 894 3362 1049 3438; x_wconf 91' lang='lat' dir='ltr'>omnibus</span> <span class='ocrx_word' id='word_1_268' title='bbox 1083 3361 1282 3437; x_wconf 86' lang='lat' dir='ltr'>elucescant</span> <span class='ocrx_word' id='word_1_269' title='bbox 1314 3373 1350 3436; x_wconf 90' lang='lat' dir='ltr'>et</span> <span class='ocrx_word' id='word_1_270' title='bbox 1383 3361 1513 3436; x_wconf 89' lang='lat' dir='ltr'>nullum</span> <span class='ocrx_word' id='word_1_271' title='bbox 1549 3381 1655 3458; x_wconf 82' lang='lat' dir='ltr'>saper</span> 
     </span>
     <span class='ocr_line' id='line_1_31' title="bbox 271 3462 1655 3560; baseline 0 -25"><span class='ocrx_word' id='word_1_272' title='bbox 271 3467 322 3538; x_wconf 90' lang='lat' dir='ltr'>eis</span> <span class='ocrx_word' id='word_1_273' title='bbox 350 3463 484 3537; x_wconf 92' lang='lat' dir='ltr'>dubium</span> <span class='ocrx_word' id='word_1_274' title='bbox 512 3469 660 3555; x_wconf 92' lang='lat' dir='ltr'>oriatur,</span> <span class='ocrx_word' id='word_1_275' title='bbox 685 3484 831 3560; x_wconf 84' lang='lat' dir='ltr'>presens</span> <span class='ocrx_word' id='word_1_276' title='bbox 857 3467 1018 3560; x_wconf 90' lang='lat' dir='ltr'>scriptum</span> <span class='ocrx_word' id='word_1_277' title='bbox 1045 3486 1148 3560; x_wconf 87' lang='lat' dir='ltr'>super</span> <span class='ocrx_word' id='word_1_278' title='bbox 1174 3465 1438 3536; x_wconf 88' lang='lat' dir='ltr'>commutatione</span> <span class='ocrx_word' id='word_1_279' title='bbox 1464 3462 1655 3538; x_wconf 86' lang='lat' dir='ltr'>huiusmodi</span> 
     </span>
     <span class='ocr_line' id='line_1_32' title="bbox 271 3561 1653 3660; baseline 0.001 -25"><span class='ocrx_word' id='word_1_280' title='bbox 271 3564 442 3638; x_wconf 88' lang='lat' dir='ltr'>conscribi</span> <span class='ocrx_word' id='word_1_281' title='bbox 468 3563 611 3637; x_wconf 86' lang='lat' dir='ltr'>lecimus</span> <span class='ocrx_word' id='word_1_282' title='bbox 639 3573 674 3636; x_wconf 88' lang='lat' dir='ltr'>et</span> <span class='ocrx_word' id='word_1_283' title='bbox 700 3563 825 3659; x_wconf 86' lang='lat' dir='ltr'>sigillis</span> <span class='ocrx_word' id='word_1_284' title='bbox 850 3577 971 3639; x_wconf 88' lang='lat' dir='ltr'>nostro</span> <span class='ocrx_word' id='word_1_285' title='bbox 1006 3574 1041 3636; x_wconf 87' lang='lat' dir='ltr'>et</span> <span class='ocrx_word' id='word_1_286' title='bbox 1076 3563 1212 3660; x_wconf 89' lang='lat' dir='ltr'>capituli</span> <span class='ocrx_word' id='word_1_287' title='bbox 1245 3566 1356 3638; x_wconf 90' lang='lat' dir='ltr'>nostri</span> <span class='ocrx_word' id='word_1_288' title='bbox 1381 3561 1523 3636; x_wconf 87' lang='lat' dir='ltr'>firmiter</span> <span class='ocrx_word' id='word_1_289' title='bbox 1548 3585 1653 3636; x_wconf 86' lang='lat' dir='ltr'>com-</span> 
     </span>
     <span class='ocr_line' id='line_1_33' title="bbox 264 3661 1652 3752; baseline 0 -14"><span class='ocrx_word' id='word_1_290' title='bbox 264 3667 405 3738; x_wconf 88' lang='lat' dir='ltr'>muniri.</span> <span class='ocrx_word' id='word_1_291' title='bbox 453 3663 540 3738; x_wconf 87' lang='lat' dir='ltr'>iluic</span> <span class='ocrx_word' id='word_1_292' title='bbox 566 3664 742 3738; x_wconf 89' lang='lat' dir='ltr'>donationi</span> <span class='ocrx_word' id='word_1_293' title='bbox 768 3665 1014 3738; x_wconf 86' lang='lat' dir='ltr'>interfuerunt:</span> <span class='ocrx_word' id='word_1_294' title='bbox 1042 3663 1247 3737; x_wconf 87' lang='lat' dir='ltr'>Godairidus</span> <span class='ocrx_word' id='word_1_295' title='bbox 1274 3663 1447 3752; x_wconf 84' lang='lat' dir='ltr'>decanus,</span> <span class='ocrx_word' id='word_1_296' title='bbox 1473 3661 1652 3740; x_wconf 84' lang='lat' dir='ltr'>Arnoldus</span> 
     </span>
     <span class='ocr_line' id='line_1_34' title="bbox 261 3763 1653 3863; baseline -0.001 -23"><span class='ocrx_word' id='word_1_297' title='bbox 261 3764 504 3863; x_wconf 66' lang='lat' dir='ltr'>scolasticus,</span> <span class='ocrx_word' id='word_1_298' title='bbox 535 3765 731 3840; x_wconf 84' lang='lat' dir='ltr'>Fridericus</span> <span class='ocrx_word' id='word_1_299' title='bbox 759 3776 898 3854; x_wconf 89' lang='lat' dir='ltr'>cantor,</span> <span class='ocrx_word' id='word_1_300' title='bbox 934 3767 1099 3858; x_wconf 79' lang='lat' dir='ltr'>magister</span> <span class='ocrx_word' id='word_1_301' title='bbox 1124 3763 1302 3838; x_wconf 90' lang='lat' dir='ltr'>Walterus</span> <span class='ocrx_word' id='word_1_302' title='bbox 1337 3763 1379 3836; x_wconf 91' lang='lat' dir='ltr'>de</span> <span class='ocrx_word' id='word_1_303' title='bbox 1413 3763 1653 3855; x_wconf 86' lang='lat' dir='ltr'>Taaaenbaro,</span> 
     </span>
     <span class='ocr_line' id='line_1_35' title="bbox 268 3861 1651 3959; baseline 0 -21"><span class='ocrx_word' id='word_1_304' title='bbox 268 3863 483 3942; x_wconf 77' lang='lat' dir='ltr'>burchardus</span> <span class='ocrx_word' id='word_1_305' title='bbox 510 3865 553 3940; x_wconf 89' lang='lat' dir='ltr'>de</span> <span class='ocrx_word' id='word_1_306' title='bbox 577 3865 789 3959; x_wconf 81' lang='lat' dir='ltr'>Ebersborg,</span> <span class='ocrx_word' id='word_1_307' title='bbox 812 3865 994 3938; x_wconf 87' lang='lat' dir='ltr'>Heinriens</span> <span class='ocrx_word' id='word_1_308' title='bbox 1021 3863 1063 3935; x_wconf 92' lang='lat' dir='ltr'>de</span> <span class='ocrx_word' id='word_1_309' title='bbox 1085 3862 1287 3957; x_wconf 83' lang='lat' dir='ltr'>Stnbwege,</span> <span class='ocrx_word' id='word_1_310' title='bbox 1312 3861 1447 3958; x_wconf 83' lang='lat' dir='ltr'>iringus</span> <span class='ocrx_word' id='word_1_311' title='bbox 1463 3862 1506 3936; x_wconf 85' lang='lat' dir='ltr'>rte</span> <span class='ocrx_word' id='word_1_312' title='bbox 1525 3864 1651 3938; x_wconf 80' lang='lat' dir='ltr'>lieen-</span> 
     </span>
     <span class='ocr_line' id='line_1_36' title="bbox 269 3961 1652 4066; baseline -0.003 -26"><span class='ocrx_word' id='word_1_313' title='bbox 269 3965 379 4062; x_wconf 88' lang='lat' dir='ltr'>burc,</span> <span class='ocrx_word' id='word_1_314' title='bbox 409 3965 529 4066; x_wconf 88' lang='lat' dir='ltr'>Bappo</span> <span class='ocrx_word' id='word_1_315' title='bbox 566 3966 612 4041; x_wconf 82' lang='lat' dir='ltr'>de</span> <span class='ocrx_word' id='word_1_316' title='bbox 637 3967 841 4064; x_wconf 73' lang='lat' dir='ltr'>irintpare,</span> <span class='ocrx_word' id='word_1_317' title='bbox 876 3964 1056 4040; x_wconf 87' lang='lat' dir='ltr'>Heinrieus</span> <span class='ocrx_word' id='word_1_318' title='bbox 1091 3963 1352 4055; x_wconf 79' lang='lat' dir='ltr'>Cremasarius&#39;,</span> <span class='ocrx_word' id='word_1_319' title='bbox 1388 3961 1572 4040; x_wconf 88' lang='lat' dir='ltr'>Bertoldus</span> <span class='ocrx_word' id='word_1_320' title='bbox 1608 3964 1652 4038; x_wconf 87' lang='lat' dir='ltr'>de</span> 
     </span>
    </p>
   </div>
   <div class='ocr_carea' id='block_1_3' title="bbox 0 0 1888 4728">
    <p class='ocr_par' dir='ltr' id='par_1_3' title="bbox 0 0 1888 4728">
     <span class='ocr_line' id='line_1_37' title="bbox 0 0 1888 4728; baseline 0 4"><span class='ocrx_word' id='word_1_321' title='bbox 0 0 1888 4728; x_wconf 95' lang='lat' dir='ltr'> </span> 
     </span>
    </p>
   </div>
  </div>
 </body>
</html>
