3836 4722
608 447 826 541 episcopatus
844 445 1147 540 ‘wirciburgensis
1526 448 1573 524 ts

181 651 275 714 carte
304 643 591 733 confirmauimus‚
618 653 652 715 et
679 647 711 714 ei
737 647 972 716 auctoritatem
1000 645 1107 740 sigilli
1131 651 1243 720 nostri
1258 651 1489 744 impressione
1504 649 1572 723 de-

180 741 301 815 dimus.
354 741 405 818 E'a
429 753 588 840 propter,
616 745 646 816 si
672 745 746 837 quis
771 744 838 815 hoc
863 743 1053 840 infringere
1090 746 1148 817 uel
1182 745 1355 819 infirmare
1388 756 1572 826 temerarie

180 847 431 941 presumpserit
463 841 641 914 anathema
667 846 721 915 sit.
773 843 879 915 Huius
904 847 1091 917 rei'testes
1125 857 1220 919 sunt:
1259 847 1475 922 Barchardus
1503 849 1571 921 de-

180 963 307 1035 canum⁷
333 941 512 1015 Corradus
538 945 721 1038 prespiter„
745 942 926 1014 Richolius
950 944 1221 1034 archidiaconus
1246 945 1428 1020 Heinrious
1455 947 1571 1019 celle-

179 1045 315 1133 rarius,
340 1041 559 1116 Eberhardus
587 1041 866 1130 archidiaconus,
893 1041 1064 1114 Heroldus
1090 1047 1310 1140 prepositus,
1347 1044 1569 1120 Volcnandua

180 1139 588 1236 cus10s‚aegenharcus
616 1139 887 1229 archidiaconus,
914 1140 1107 1234 Sigelridus
1134 1147 1350 1240 prepositus,
1383 1145 1568 1219 Bernollus

180 1249 214 1310 st
240 1244 351 1313 ceteri
384 1243 550 1312 canonici.
609 1239 699 1312 Acta
735 1240 903 1311 dominice
937 1244 1188 1315 incarnacionis
1224 1266 1313 1315 anuo
1340 1241 1398 1316 ΜΟ·
1439 1242 1491 1315 0⁰·
1528 1244 1566 1317 L.

180 1339 275 1430 tic,
302 1340 496 1412 indiccione
512 1341 595 1430 Vt,
621 1350 789 1433 regnante
805 1340 1038 1411 Romanorum
1059 1363 1146 1435 rege
1161 1343 1351 1433 Friderioo‚
1377 1341 1461 1415 11110·
1479 1367 1569 1416 anno

180 1444 280 1534 regni
309 1443 394 1512 eius.
446 1439 611 1536 Boppone
639 1443 811 1512 existente
837 1439 970 1511 vrbano
997 1446 1132 1513 comite.

392 1635 439 1700 Er
460 1635 536 1700 libro
559 1638 667 1718 copiali
689 1635 878 1721 hohenburg.

746 2167 750 2172 .
852 2106 890 2177 C.

762 2275 863 2337 *hrrno
891 2271 979 2338 1158.

180 2458 403 2532 Gebehardus
429 2456 724 2552 wirzeburgensis
744 2461 927 2554 episcopus
941 2455 1154 2551 parrochiam
1173 2461 1208 2530 in
1231 2457 1394 2534 Volkach
1415 2457 1567 2554 collegio

180 2559 272 2632 beati
298 2559 435 2655 Kyllani
462 2557 504 2629 de
530 2557 632 2630 domo
657 2555 699 2628 ad
724 2554 957 2652 peragendum
984 2557 1257 2630 anniversarium
1292 2579 1388 2632 suum
1422 2559 1566 2632 confert.

281 2713 320 2785 lu
345 2716 485 2786 nomine
510 2722 629 2788 sancte
654 2722 689 2784 et
699 2710 871 2784 indiuidua
882 2714 1041 2785 trinitatis
1059 2710 1359 2786 Gehebardus
1386 2711 1441 2784 dei
1458 2717 1569 2808 gratia

181 2813 512 2906 wirzeburgensium
539 2814 722 2908 episcopus
749 2809 908 2884 omnihus
944 2807 1127 2884 christiane
1159 2809 1389 2906 professionis
1422 2813 1569 2886 salutem

181 2911 375 2986 hominibus
401 2923 437 2984 et
462 2911 585 3006 gaudia
611 2921 732 2982 eterne
755 2908 990 2982 retributionis
1006 2915 1172 3005 consequi
1198 2913 1233 2982 ln
1246 2911 1444 2986 celestibus.
1472 2911 1572 2986 Sicut

183 3035 227 3084 ex
253 3011 368 3084 diuina
392 3015 576 3084 uooadone
603 3009 754 3082 ecclesie
773 3007 1048 3103 wirceburgensi
1075 3009 1238 3084 debemus
1254 3031 1401 3106 preesse
1428 3021 1464 3083 et
1479 3035 1568 3107 pro-

181 3112 301 3184 uidere
327 3115 373 3182 ita
398 3122 553 3184 nostrum
580 3120 647 3198 ast,
673 3108 829 3204 quidquid
851 3107 894 3178 ad
919 3109 1086 3181 honorem
1107 3109 1165 3181 uel
1186 3109 1366 3182 utilitatem
1384 3114 1460 3184 eius
1480 3133 1568 3206 per-

182 3215 294 3284 tinere
328 3214 571 3304 cognoscimus
615 3207 727 3280 dehita
762 3207 937 3302 diligentia
970 3227 1190 3304 promouere.
1253 3209 1417 3283 Omnibus
1454 3213 1568 3304 itaque

183 3319 249 3382 um
276 3315 450 3406 presentis
477 3331 575 3404 pam
601 3308 713 3380 future
740 3311 840 3380 etatis
865 3307 1056 3380 hominihus
1082 3312 1217 3404 scriptis
1243 3308 1460 3406 presentibus
1487 3313 1567 3402 sig·
1628 3382 1633 3388 ,

182 3409 373 3500 uideamus,
398 3409 486 3505 quod
511 3406 724 3504 parrochiam
751 3410 786 3479 in
811 3407 1013 3480 Vollraeh
1049 3407 1180 3480 cuidam
1206 3407 1475 3482 Eberhardo
1500 3429 1567 3480 ec-

184 3511 293 3584 clesie
321 3512 430 3582 sancti
455 3507 591 3605 llpliaui
627 3509 793 3579 canonico
820 3509 867 3578 ita
892 3511 1150 3598 concessimus,
1188 3509 1279 3604 quod
1310 3511 1386 3602 ipse
1421 3508 1567 3601 singulis
1703 3541 1706 3548 ·

185 3612 283 3682 aunis
309 3608 421 3704 quoad
445 3612 641 3680 uiueremus
667 3605 800 3678 xxxa·
833 3605 966 3682 solidos
991 3611 1026 3679 in
1054 3607 1108 3680 die
1134 3607 1358 3680 ordinationis
1384 3616 1505 3679 nostre
1526 3605 1574 3678 ad·

183 3708 352 3782 houorem
379 3707 433 3780 dei
460 3718 495 3779 et
520 3707 562 3779 ad
587 3709 786 3779 memoriam
813 3709 1093 3780 consecrationis·
1111 3717 1231 3780 nostre
1257 3705 1299 3779 de
1327 3705 1459 3802 prelata
1481 3727 1567 3801 par-

185 3808 304 3880 rochie
330 3807 481 3900 collegio
508 3806 652 3902 predicti
677 3807 824 3878 martiris
850 3805 941 3880 beati
954 3806 1099 3902 Kyllani
1116 3806 1278 3878 uidelicet
1304 3807 1346 3877 de
1363 3804 1465 3878 domo
1480 3827 1567 3901 per-

187 3909 353 3980 solueret.
416 3906 454 3980 Si
494 3929 580 3978 uero
623 3907 807 3977 canonicus
849 3911 1143 4004 supranominatus
1181 3905 1283 3980 nobis
1317 3908 1567 4001 superuiueret,

188 4010 377 4098 statuimus,
403 4005 494 4100 quod
519 4005 674 4081 similiter
698 4003 832 4076 fflu.
863 4006 995 4082 solidos
1021 4009 1056 4078 in
1082 4007 1318 4079 anniuersario
1342 4014 1463 4080 nostro
1479 4027 1567 4100 pra-

216 4155 268 4196 llou.
282 4155 335 4196 ltoit.
350 4155 394 4195 toi.
409 4155 496 4196 mill.
511 4164 556 4196 not.
571 4155 618 4195 cell.
633 4154 656 4194 ί.
1189 4106 1236 4176 10
