3768 4728
576 535 792 628 episcopatus
823 531 1114 626 wirsiburgensis.
1190 620 1195 632 Ι
1464 535 1536 607 267

367 739 494 812 quotuor
526 729 624 814 sigilla
660 728 691 806 l)
713 729 872 794 Hermarrul
906 735 1039 813 episcopi
1051 775 1060 810 ‚
1093 730 1128 807 2)
1159 732 1278 813 capituli
1308 731 1538 815 herbipolensis,

365 815 400 894 3)
422 821 538 879 comitis
560 813 683 878 Gotbidi
707 814 745 878 de
767 816 965 896 Riobenbacb,
987 813 1023 893 4)
1035 817 1182 900 blebtlldis
1194 821 1375 882 comitissae.
1398 820 1538 884 inaltero

370 909 481 964 lantum
504 901 701 985 fragmentum
724 901 815 985 sigilli
835 901 995 966 Hermannl
1018 908 1151 985 episcopi
1171 910 1320 985 superest.

367 1021 484 1084 Editum
505 1025 535 1082 iu
557 1019 650 1104 liger
674 1019 853 1084 Gescbicble
874 1020 1098 1084 Fraukenlands
1120 1021 1167 1086 lll.
1198 1039 1227 1102 p.
1250 1016 1313 1084 376
1335 1019 1385 1086 Nr.
1407 1021 1538 1085 XXXlV.

693 1491 698 1499 ·
759 1463 934 1536 GGXLIV.

745 1664 830 1724 Antio
857 1661 947 1726 1234.

164 1847 346 1944 Capitulum
374 1845 617 1943 herbipolenso
641 1859 757 1920 notum
785 1848 890 1938 iacit,
925 1849 1015 1942 quod
1039 1849 1256 1924 Eberhardus
1295 1849 1459 1924 sacerdos
1497 1850 1540 1922 de
1569 1839 1573 1846 ’

23 1943 25 1964 '
165 1948 287 2020 Sancto
313 1947 546 2020 Panthaleone
574 1949 639 2019 duo
668 1953 786 2042 iugera
816 1952 991 2020 vinearum
1017 1950 1213 2022 inbindacb
1239 1961 1275 2022 et
1300 1950 1448 2024 inRode
1475 1953 1540 2023 situ

165 2071 264 2144 super
288 2047 450 2142 reliquias
475 2047 507 2118 b.
536 2047 778 2120 Panthaleonis
806 2048 967 2136 contulit,
1006 2061 1041 2122 et
1075 2054 1151 2146 ipso
1186 2059 1392 2146 procurante
1417 2049 1538 2123 Hede-

164 2152 273 2242 wicga
299 2147 424 2220 devota
450 2147 613 2242 quaedam
639 2159 792 2220 matrona
819 2147 939 2220 eadem
964 2171 1031 2221 uno
1058 2153 1180 2245 iugero
1206 2154 1240 2222 in
1267 2150 1366 2223 Rode
1391 2149 1538 2222 adauxit.

259 2317 296 2390 lu
335 2323 472 2394 nomina
511 2333 630 2394 sancte
670 2333 704 2396 ct
741 2321 912 2394 indiuidua
950 2326 1119 2396 trinitatis.
1184 2321 1288 2396 Otto
1330 2327 1539 2420 propositus,

165 2419 390 2494 Arnoldus
417 2421 567 2498 decanus
593 2433 628 2494 et
654 2433 759 2494 totum
783 2423 963 2518 capitulum
989 2421 1242 2518 herbipolense.
1297 2422 1382 2496 Oura
1406 2427 1539 2519 piorum

166 2519 266 2590 eorda
292 2517 375 2592 deus
403 2543 449 2594 ex
474 2522 543 2594 alto
569 2525 775 2618 prospiciat,
814 2545 933 2596 eorum
960 2524 1098 2596 deuotio
1132 2533 1167 2595 et
1198 2522 1290 2596 bonu
1324 2545 1443 2620 opera,
1471 2545 1538 2616 quc

166 2621 319 2710 iecerint,
344 2632 422 2696 sunt
446 2643 515 2694 non
541 2626 697 2694 inmerito
725 2622 1012 2712 commendanda,
1038 2625 1141 2694 immo
1178 2626 1278 2696 etium
1312 2625 1346 2694 in
1379 2625 1541 2696 noticiam

167 2717 335 2792 bominum
360 2722 576 2816 exponenda,
601 2733 639 2794 ut
663 2727 775 2818 posita
802 2727 836 2794 in
862 2721 1068 2796 candelabro
1095 2723 1171 2796 aliis
1197 2723 1335 2794 luceant
1358 2725 1393 2794 in
1413 2743 1540 2794 exem-

23 2819 25 2850 *
165 2818 264 2912 plum.
314 2819 401 2891 ilino
437 2832 492 2894 cst
526 2823 616 2917 quod
643 2821 947 2896 commendabilem
971 2821 1226 2899 Eberhardi
1264 2821 1455 2896 sacerdotis
1498 2820 1541 2894 dc

166 2929 321 2990 sancto
346 2921 660 2996 Panthaleona
686 2927 846 3018 pietatem
887 2945 928 2994 ac
963 2921 1181 2994 deuotionem
1207 2923 1367 2996 uolentes
1406 2920 1542 2996 ostendi

166 3022 312 3112 posteris
338 3023 371 3092 in
400 3023 615 3119 exemplum
653 3045 716 3117 per
755 3044 902 3118 presens
940 3025 1101 3118 seriptum
1138 3025 1358 3095 innotescere
1383 3022 1541 3096 uolumus

166 3121 332 3190 uniuersis
359 3130 426 3191 tum
445 3122 660 3217 presentibus
677 3145 773 3217 mam
791 3121 1005 3218 postfuturis,
1030 3121 1120 3216 quod
1133 3121 1305 3217 prodictus
1319 3122 1360 3195 E.
1376 3121 1541 3196 sacerdos

167 3221 282 3314 spiritu
308 3217 426 3292 ductus
453 3225 587 3317 pictatis
615 3221 680 3293 duo
708 3223 828 3314 iugera
843 3225 1018 3293 uinearum
1043 3220 1289 3294 inLindaoh
1316 3233 1350 3294 et
1366 3225 1400 3294 in
1417 3219 1542 3293 Rode

167 3323 228 3390 sita
255 3339 358 3414 super
383 3319 545 3416 reliquias
571 3319 661 3394 beati
676 3321 916 3396 Panthaleonis
943 3322 1085 3420 contulit
1109 3325 1280 3394 innostro
1298 3321 1462 3416 capitolio
1479 3319 1543 3394 sub

167 3416 227 3489 bac
251 3417 375 3508 forma,
400 3429 436 3490 ut
461 3421 502 3492 ab
529 3420 620 3494 obitu
648 3443 711 3494 suo
737 3432 816 3516 post
842 3445 965 3494 annum
991 3444 1066 3492 cum
1100 3425 1192 3494 omni
1228 3445 1292 3494 usu
1329 3421 1453 3494 cedant
1477 3442 1542 3494 sa-

168 3517 296 3589 cerdoti
323 3521 520 3615 cuicumque
547 3525 582 3592 in
607 3519 696 3592 dicto
724 3523 885 3616 capitolio
912 3522 1026 3594 divina
1050 3519 1247 3594 celebranti.
1298 3521 1441 3616 Insuper
1466 3523 1542 3614 ipso
1671 3513 1675 3520 ’

167 3628 368 3712 procurante
392 3619 604 3714 Hedewioga
638 3619 761 3693 deuota
796 3622 937 3716 quedam
965 3633 1118 3695 matrona
1154 3620 1404 3715 herbipolensis
1441 3641 1543 3691 unum

167 3719 320 3811 iugerum
347 3717 397 3790 illi
422 3725 534 3816 iugeri
558 3724 592 3792 in
617 3719 741 3794 Roda
776 3725 1022 3794 conterminum
1062 3743 1165 3816 super
1204 3719 1343 3795 eusdem
1379 3719 1542 3812 reliquias

168 3817 327 3907 contulit,
361 3821 513 3902 eiusdem
550 3820 742 3894 sucerdotis
775 3825 976 3916 quicumque
1012 3822 1116 3894 fuerit
1150 3831 1230 3916 post
1267 3821 1356 3892 dicte
1388 3829 1544 3892 mamona

168 3929 309 3988 mortem
342 3919 458 3992 usibus
498 3919 732 4015 deputandum.
783 3919 867 3992 ltcm
886 3920 913 4014 ¹)
942 3977 949 3992 .
979 3976 987 3991 .
1018 3975 1062 3992 ..
1117 3918 1291 4014 Siquidem
1325 3941 1401 3992 cum
1438 3939 1542 3993 eres-

168 4017 319 4090 cenlibus
346 4015 444 4094 donis
471 4021 636 4092 donorum
664 4024 763 4091 etiam
790 4043 952 4094 crescere
979 4020 1125 4093 debeant
1150 4023 1326 4112 rationes,
1362 4022 1539 4093 statuimus

168 4117 443 4210 quemadmodum
470 4129 677 4192 memoratus
691 4119 891 4192 benefactor
905 4121 1051 4214 prouidit
1066 4119 1290 4289 statqqnplum
1316 4131 1354 4192 vt
1375 4119 1540 4192 sacerdos
1623 4141 1626 4148 ’
