3768 4728
600 476 817 572 episcopatus
844 473 1136 570 wirziburgensis.
1487 476 1557 551 stt

158 677 432 772 contingebant,
458 685 604 774 excepta
629 695 735 771 parua
762 679 867 766 curia,
894 697 992 770 qoam
1010 675 1360 774 materpredictorum
1374 697 1559 776 puerorum

180 777 349 868 inhabitat,
376 788 412 850 et
436 787 582 872 excepta
611 779 722 868 curta,
748 797 845 872 mam
873 775 997 848 habent
1022 779 1056 849 in
1080 775 1314 870 Bamberc‚
1340 775 1383 850 de
1410 779 1558 854 consilio

179 891 212 952 et
236 900 411 952 consensu
444 876 581 974 capituli
614 879 724 949 nostri
758 877 856 950 titulo
884 879 1155 972 comparauimns
1183 879 1363 974 emptionis
1391 901 1453 976 pro
1479 889 1558 952 tre-

179 983 286 1054 centis
313 982 438 1051 marcis
464 980 538 1074 puri
565 979 698 1070 argenti
723 975 819 1048 XXV
847 979 981 1067 minus,
1007 1001 1106 1074 mam
1133 999 1298 1054 summam
1322 981 1468 1076 pecunie
1493 1002 1559 1055 nos

179 1080 239 1154 snb
266 1080 329 1150 bac
354 1079 463 1150 torma
487 1081 704 1174 promisimus
730 1077 918 1150 soluturos.
957 1077 994 1150 ln
1011 1081 1198 1152 continenti
1222 1098 1368 1175 numque
1393 1102 1456 1176 pro
1482 1079 1560 1154 lra-

179 1179 282 1253 tribus
310 1179 451 1277 prelatis
476 1175 744 1250 Reinwardo
781 1179 848 1248 ciui
873 1176 1114 1275 Herbipolensi
1141 1183 1322 1274 sexaginta
1348 1189 1383 1251 et
1417 1191 1561 1276 quatuor

178 1303 310 1354 marces
337 1279 596 1376 persoluemns3
632 1288 764 1349 centum
803 1299 890 1349 vero
933 1288 968 1350 et
1002 1277 1179 1353 duodecim
1214 1279 1366 1353 dabimus
1398 1279 1559 1356 iratribus

179 1392 256 1454 unte
281 1380 406 1454 lestum
433 1378 573 1452 Andree
598 1381 756 1473 proxime
781 1388 974 1471 uenturum,
1000 1379 1067 1452 boc
1093 1379 1242 1472 adiecto,
1268 1378 1359 1476 quod
1372 1391 1559 1476 prouentus

178 1483 220 1554 de
245 1480 423 1578 prelibatis
464 1479 564 1552 honis
603 1479 669 1549 hoc
707 1501 797 1550 anno
825 1480 1070 1576 percipiendos
1108 1491 1143 1553 et
1178 1479 1396 1576 colligendos
1428 1487 1559 1556 nostris

178 1585 342 1678 expensis
380 1580 421 1652 ad
459 1579 631 1651 arbitrium
670 1601 754 1674 sepe
788 1577 953 1652 dictorum
990 1581 1132 1653 lratrum
1167 1585 1200 1654 in
1237 1580 1482 1678 llerbipoli
1517 1583 1560 1655 ad

179 1684 305 1773 locum,
331 1703 430 1777 quem
458 1683 523 1777 ipsi
536 1681 720 1773 elegerint,
747 1683 866 1776 repeni
882 1679 1069 1768 lucianum
1094 1681 1559 1776 quosatmrtemetermino

179 1793 257 1856 ante
283 1792 485 1870 memorata
512 1783 542 1852 si
571 1803 640 1852 non
657 1780 887 1874 persolnimus
912 1785 1090 1877 pecuniam
1114 1785 1409 1880 compromissam,
1434 1783 1559 1857 fratres

178 1883 301 1958 tollent
326 1881 483 1957 ubsolme
518 1891 553 1954 at
579 1891 669 1954 totus
697 1889 891 1956 contractus
928 1885 1017 1956 inter
1053 1905 1119 1955 nos
1155 1879 1288 1956 babitus
1329 1883 1558 1958 abscindetur.

177 1983 322 2080 Insuper
355 1985 439 2079 ipsis
464 1981 608 2056 durante
641 1991 817 2054 contractu
843 1981 1033 2054 tenebimur
1065 1983 1108 2055 ad
1141 1985 1296 2056 acione·
1332 1976 1560 2080 quorumlibet

178 2083 350 2182 predictus
376 2085 622 2180 possessiones
647 2083 898 2177 impetentium,
934 2085 1022 2154 sicut
1054 2083 1196 2157 interius
1229 2085 1362 2182 plenius
1396 2085 1558 2182 explica-

178 2187 279 2275 bitur,
306 2183 501 2282 sopiendus.
554 2181 705 2256 sivero
732 2185 767 2254 in
791 2185 970 2278 premissis
982 2183 1204 2280 prouentlhus
1215 2185 1364 2280 aliquem
1390 2184 1558 2258 delectum

178 2289 273 2383 passi
298 2285 436 2376 luerint,
463 2283 503 2356 ad
529 2281 626 2356 huius
652 2285 902 2356 restitutionem
927 2307 993 2356 nos
1020 2283 1260 2380 obligauimus‚
1286 2285 1559 2358 adeouteorum

179 2387 408 2484 indempnitati
433 2407 496 2484 per
523 2387 635 2457 omnia
662 2392 832 2455 caueatur.
887 2383 1029 2456 Centum
1057 2395 1168 2457 autem
1195 2404 1328 2460 marcas
1353 2389 1559 2476 nunninus,

180 2509 245 2586 que
271 2485 379 2559 adbuc
405 2483 448 2558 de
474 2495 544 2558 tota
571 2505 701 2559 summa
727 2493 870 2575 restant,
895 2483 1054 2558 tratribus
1067 2485 1253 2582 sepedictis
1274 2497 1353 2560 ante
1367 2489 1558 2582 proximum

179 2588 305 2688 pascha
320 2587 579 2686 persoluemus3
605 2607 667 2683 pro
681 2584 745 2656 bac
759 2586 902 2681 pecunia
916 2583 1109 2680 obligantes
1120 2589 1172 2660 eis
1185 2584 1557 2661 curiamBurcheim

179 2689 277 2764 titulo
310 2692 466 2786 pignoris
511 2685 735 2764 detinendum.
797 2683 835 2758 Si
869 2708 956 2758 vero
993 2688 1059 2759 bec
1094 2685 1213 2759 eaden
1249 2689 1392 2783 pecunia
1431 2696 1556 2760 statuto

181 2801 334 2889 tenpore
359 2791 471 2866 solnta
497 2811 567 2862 non
593 2788 706 2878 sumit,
731 2785 873 2883 predicti
897 2785 1023 2862 iratres
1051 2790 1197 2880 curiam,
1233 2809 1299 2884 que
1323 2786 1557 2860 Burobelm

180 2903 336 2984 uocatur,
361 2901 537 2964 resument
561 2899 596 2960 et
621 2909 696 2960 eam
723 2890 941 2984 proprietatis
968 2887 1065 2962 titulo
1091 2886 1325 2986 possidebunt.
1364 2887 1437 2962 llos
1463 2909 1585 2986 quo-0

181 3015 245 3091 que
271 3003 306 3066 et
331 3011 558 3069 successores
583 2991 694 3063 nostri
721 2987 830 3061 dictos
856 2988 980 3062 iratres
1015 2993 1049 3064 in
1084 2987 1203 3063 eudem
1231 2991 1324 3064 curia
1350 2999 1556 3064 manutene-

178 3093 288 3170 bimus
322 3105 356 3168 et
388 3091 620 3168 defendemus.
671 3087 893 3164 Promisimus
920 3094 1053 3182 eoiam‚
1079 3090 1169 3186 quod
1206 3111 1341 3164 omnem
1375 3091 1558 3182 actionem,

180 3219 245 3294 que
278 3197 412 3270 ratione
445 3193 635 3267 debitorum
672 3198 925 3264 contractorum
960 3190 1240 3264 aWaltbero
1266 3191 1324 3263 uel
1350 3193 1444 3280 suis,
1479 3193 1557 3265 siue

179 3320 283 3395 super
307 3295 525 3394 adipiscenda
557 3294 784 3390 possessione
817 3290 984 3366 bonorum
1011 3291 1208 3364 eorumdem
1250 3291 1306 3362 uel
1341 3293 1374 3362 in
1401 3301 1475 3364 toto
1498 3290 1556 3362 ael

179 3399 357 3496 oporte,
393 3420 459 3494 que
484 3417 549 3468 nos
576 3396 740 3482 emimus‚
780 3413 846 3486 que
887 3405 1005 3466 contra
1044 3391 1186 3467 eosdem
1225 3392 1350 3464 iratres
1382 3391 1557 3486 bucusque

179 3499 290 3574 babitu
316 3509 382 3590 est5
408 3497 465 3569 uel
492 3493 680 3584 habebitur,
706 3495 752 3563 itu
778 3491 938 3566 tollemus
964 3494 1130 3592 plenaria
1156 3503 1191 3565 et
1217 3513 1280 3564 eos
1307 3489 1416 3563 libere
1432 3489 1555 3564 absol-

180 3621 312 3690 uemns,
337 3609 375 3672 nt
405 3598 634 3694 indempnitati
661 3615 778 3665 corum
812 3614 874 3689 per
912 3597 1025 3668 ornniu
1062 3603 1232 3667 caueatur.
1283 3591 1327 3664 Et
1353 3591 1419 3664 bec
1444 3593 1557 3668 omnia

180 3699 270 3775 bona
296 3699 361 3774 lrde
388 3709 422 3771 et
448 3701 523 3773 sine
548 3693 666 3770 lraude
699 3696 916 3790 promisimus
944 3695 1143 3769 obseruare.
1195 3693 1238 3768 itt
1274 3715 1317 3764 ne
1355 3715 1460 3788 super
1491 3691 1556 3766 biis

181 3803 240 3876 ulli
263 3805 298 3875 ln
323 3811 498 3900 posterum
524 3796 657 3872 dubium
683 3797 823 3884 oriatun
845 3806 1041 3893 presentem
1055 3797 1212 3892 paginam
1229 3792 1401 3868 conscribi
1411 3793 1556 3867 lecimus

181 3913 216 3976 et
241 3903 365 3999 sigillis
392 3911 513 3978 nostro
547 3907 582 3970 et
607 3895 743 3993 capituli
776 3899 886 3971 ausui
922 3899 1084 3970 iussimus
1110 3896 1322 3968 communiri.
1371 3893 1479 3966 notas
1503 3894 1557 3966 rei

181 4014 289 4079 testes
315 4013 411 4078 sunt:
438 3999 614 4074 Amoldus
639 3997 790 4069 decanus
815 4001 954 4072 maioris
980 3997 1145 4088 ecclesie,
1168 3992 1558 4086 nemannasuecams

181 4103 396 4178 Eberhardus
419 4101 624 4178 scolasticus
650 4099 732 4169 noui
748 4101 945 4174 monasterii
958 4095 1226 4268 herbipolensipa,
1252 4093 1331 4169 Otto
1347 4091 1558 4172 Woluesltel

209 4260 259 4300 Han.
274 4257 326 4301 bale.
343 4256 386 4296 tal.
400 4253 486 4296 mill.
501 4260 546 4294 nen.
562 4251 607 4292 rell.
624 4251 645 4290 L
