3774 4728
324 475 395 557 89‘2
908 465 1127 554 blonnmenlo

324 687 410 780 priis
434 681 650 755 roboramus.
703 683 790 753 Acta
825 691 900 755 sunt
936 679 1001 752 bec
1034 684 1068 752 in
1096 678 1252 776 'capitulo
1279 687 1421 768 nostro,
1458 697 1547 750 anno
1584 667 1712 748 domini

323 783 442 862 1100ος
468 785 704 876 sexagesimo,
733 785 848 876 quinto
874 781 948 853 idus
975 779 1164 852 Februarii.

460 1032 464 1040 .
532 983 753 1136 Apppffidfbm
776 945 929 1065 qnorulurn¹
948 979 1068 1046 xxxiv
1092 981 1207 1065 sigilla,
1242 999 1282 1044 ex
1313 979 1421 1063 quibus
1453 977 1521 1042 ΧΧΙ
1550 981 1715 1060 supersunt

532 1089 587 1153 par
672 1087 754 1134 aesc.
826 1082 835 1102 ·

922 1503 1128 1583 cccxliv.

685 1707 773 1775 Anno
797 1705 907 1790 1260,
931 1707 982 1774 23.
1004 1709 1171 1791 Februarii,
1192 1706 1353 1790 llorblpoli.

325 1908 460 2010 lriugus
488 1913 672 2010 episcopos
698 1911 965 2010 herbipolensis,
993 1915 1195 2009 ‹praestione
1220 1923 1377 2004 remota,
1404 1934 1492 2008 quaa
1517 1913 1605 1986 inter
1630 1909 1713 1983 Fri-

328 2015 480 2088 ‹lericom
514 2011 556 2086 de
582 2013 758 2108 Werberg
793 2017 931 2093 nominc
972 2017 1093 2088 uxoris
1128 2011 1369 2108 Cunegundis,
1407 2021 1442 2084 et
1480 2011 1715 2087 Gotbeiridum

326 2114 542 2190 Zobclonem
568 2111 779 2206 vertebatur,
805 2115 970 2188 decimam
996 2117 1030 2187 in
1055 2113 1256 2187 Eichesvelt
1284 2114 1379 2186 titulo
1407 2111 1533 2186 feodali
1557 2111 1716 2186 concedit

326 2215 503 2292 Fridcrieo
538 2213 581 2288 do
606 2213 805 2309 Werbcrg,
837 2217 893 2311 qui
919 2213 1135 2288 medietatem
1169 2237 1326 2288 annonae
1361 2217 1395 2288 in
1428 2213 1521 2288 villis
1555 2211 1716 2312 Limpabc

329 2327 386 2390 aut
412 2315 533 2392 Kisten
567 2319 646 2410 jure
679 2314 887 2389 hereditario
919 2313 1077 2405 babebit,
1119 2314 1303 2389 medietate
1341 2313 1449 2389 altera
1487 2337 1644 2388 annonae
1681 2322 1715 2386 et

326 2417 426 2491 bouis
453 2419 601 2514 propriis
628 2419 720 2488 circa
746 2427 894 2492 castrum
919 2414 1133 2510 llohenburg
1154 2414 1355 2510 Gotbeirido
1375 2413 1544 2488 Zabeloni
1570 2415 1713 2490 relictis.

429 2589 455 2661 l.
484 2587 538 2661 rloi
565 2590 676 2683 gratie
709 2583 963 2684 herbipolensis
990 2589 1183 2684 episcopus.
1236 2585 1404 2660 Nouerint
1441 2590 1594 2660 uniuersi
1628 2607 1714 2684 pre-

330 2693 439 2764 sentis
465 2692 592 2786 pagine
617 2691 855 2785 inspectores,
872 2686 978 2784 cuod
1004 2711 1080 2760 cunr
1106 2687 1300 2777 debonis,
1326 2686 1490 2761 videlicet
1516 2687 1558 2760 de
1584 2686 1716 2760 decima

327 2793 363 2862 in
388 2788 679 2878 Eicbesvelt,
703 2809 769 2884 que
795 2811 814 2859 a
841 2810 940 2862 mann
965 2799 1083 2862 nostra
1109 2787 1265 2885 procedit
1291 2792 1324 2860 in
1350 2785 1454 2862 feodo
1482 2797 1516 2860 et
1547 2787 1588 2861 de
1626 2809 1714 2886 pro-

327 2893 474 2987 priatate
499 2888 564 2962 XX
590 2888 781 2962 rnorliorunr
808 2889 969 2983 silliginis
996 2892 1029 2961 in
1055 2889 1148 2962 villis
1175 2887 1384 2984 binrpabc
1409 2899 1466 2962 ant
1493 2892 1526 2960 in
1551 2887 1715 2962 llisten

330 3001 365 3063 et
391 2989 433 3062 de
458 2989 559 3063 bonis
577 2991 724 3087 propriis
739 2991 831 3061 circa
848 2999 998 3062 castrum
1023 2988 1293 3084 llobenburg
1317 2993 1407 3062 inter
1430 2987 1716 3062 llrider'icunn

302 3089 374 3163 ‘de
399 3088 648 3185 Werberg,
682 3093 820 3162 nornine
847 3089 1161 3184 Gunegundis,
1195 3093 1318 3163 uxoris
1346 3111 1429 3181 sue,
1457 3091 1498 3163 ab
1524 3113 1592 3163 vna
1619 3099 1716 3188 parta

332 3201 367 3263 et
392 3194 482 3263 inter
503 3188 822 3264 Gotbeiridunn
850 3189 1137 3282 Zobelonem,
1162 3191 1353 3288 priuignum
1381 3213 1502 3282 suunt,
1540 3189 1581 3263 ab
1608 3190 1717 3262 altera

331 3293 465 3388 questio
492 3301 709 3382 verteretur,
745 3290 879 3364 tandem
915 3313 978 3387 per
1015 3296 1144 3366 arnicas
1171 3294 1347 3388 utriusque
1380 3293 1486 3388 partis
1523 3291 1601 3364 talis
1626 3293 1717 3364 inter

331 3413 394 3466 eos
432 3389 617 3464 concordia
661 3394 869 3466 intercessit.
935 3393 1110 3466 Decimam
1152 3395 1184 3465 in
1227 3391 1493 3465 Eicbesvelt
1530 3389 1716 3466 secundum

331 3501 508 3564 tractatum
535 3491 682 3566 habiturn
721 3491 764 3564 (le
789 3491 880 3566 bona
906 3493 1084 3566 voluntate
1120 3503 1154 3566 et
1188 3495 1425 3588 resignatione
1452 3488 1718 3582 Zobolonis,

331 3602 956 3789 ultusultutlltlizll
983 3592 1409 3788 libitul'tlll?
1431 3593 1484 3768 l
1492 3591 1719 3767 illitu

332 3813 468 3865 annone
493 3797 683 3890 prescripta
709 3793 798 3866 idem
824 3794 1088 3867 bridericus
1122 3796 1216 3865 iuxta
1251 3793 1396 3868 eundern
1430 3805 1609 3867 uastamm
1643 3797 1718 3866 inre

331 3891 539 3966 hereditario
566 3891 766 3989 possidebit.
819 3894 997 3990 Reliquam
1024 3904 1134 3966 autem
1163 3915 1297 3966 annone
1324 3893 1540 3968 medietatem
1567 3905 1601 3968 ct
1627 3893 1718 3968 bona

333 3994 424 4064 circa
451 4001 599 4066 castrum
626 3992 895 4088 llobenburg
929 3993 1101 4090 pradictus
1129 3993 1168 4066 G.
1195 3993 1367 4068 Zobelo
1405 4000 1439 4068 in
1480 4017 1576 4068 suam
1612 4007 1718 4094 pota-

332 4099 453 4166 statem
480 4094 624 4192 recipiet
657 4102 692 4164 et
730 4115 772 4166 ea
807 4095 882 4167 iure
921 4092 1128 4170 hereditario
1165 4095 1322 4170 similitor
1360 4096 1544 4170 secundum
1573 4095 1718 4172 eundem
