3774 4728
895 431 1112 524 Monumenla

906 789 1107 863 ccctvllt.

815 989 902 1055 Anno
928 987 1036 1070 tate,
1062 989 1088 1055 1.
1111 991 1199 1056 Junti.

314 1173 449 1271 Iringus
476 1173 729 1272 herbipolensis
757 1179 940 1274 episcopus
966 1175 1055 1249 bona
1071 1180 1105 1250 in
1120 1178 1269 1250 diversis
1287 1177 1375 1250 locis
1392 1180 1469 1267 sita,
1496 1181 1530 1250 in
1551 1174 1698 1249 Wirne-

315 1276 422 1350 burclr
448 1289 483 1348 et
509 1277 600 1368 alibi,
627 1301 715 1372 quae
741 1275 772 1348 lt.
802 1299 843 1348 m.
873 1278 1046 1350 Gotlridus
1083 1279 1125 1350 de
1153 1278 1414 1352 Sauwensheim
1442 1290 1476 1350 et
1500 1278 1630 1374 Gpsela
1657 1275 1698 1348 de

314 1377 553 1450 Lemberheim
580 1400 670 1450 uxor
695 1381 769 1450 eius
797 1377 1043 1473 possederant,
1078 1377 1119 1449 ab
1147 1382 1220 1474 ipsa
1247 1379 1376 1476 (ipsela
1404 1390 1438 1450 et
1466 1377 1591 1450 Ottone
1616 1381 1698 1473 pin-

313 1499 430 1566 cerna,
457 1501 602 1572 quocum
628 1476 844 1574 postmodum
870 1477 1024 1572 legitime
1043 1489 1276 1567 contraxerat,
1302 1502 1365 1574 pro
1392 1478 1548 1550 ducentis
1574 1480 1698 1549 marcis

316 1581 450 1671 argenti
475 1585 575 1669 emit,
602 1578 790 1672 iisdemque
815 1599 878 1674 pro
904 1578 1023 1650 eadem
1057 1601 1186 1651 summa
1213 1578 1361 1651 cilicium
1387 1580 1522 1651 sculteti
1549 1583 1582 1650 in
1609 1579 1698 1650 llei-

844 1678 1010 1771 tingsvelt
1036 1679 1176 1774 obligat.

417 1845 601 1942 lringus
629 1845 684 1920 dei
709 1851 827 1943 gracia
852 1847 1105 1944 herbipolensis
1126 1853 1320 1946 episcopus.
1361 1849 1528 1924 Nouerint
1545 1853 1699 1926 uniuersi

318 1947 416 2023 huius
442 1953 567 2045 pagine
593 1952 829 2045 inspectores,
864 1949 976 2044 quod,
1010 1972 1086 2020 cum
1112 1949 1200 2024 bona
1226 1954 1260 2022 in
1287 1949 1433 2026 diuersis
1460 1952 1548 2024 locis
1575 1956 1639 2025 sita
1665 1955 1700 2024 in

317 2048 611 2122 Wirceburch
638 2060 672 2121 et
697 2048 796 2137 alibi,
835 2072 902 2144 que
939 2049 1030 2122 hone
1056 2053 1222 2124 memorie
1249 2050 1483 2124 Gotlridus
1520 2050 1563 2123 de
1589 2053 1700 2124 Sau-

317 2150 570 2223 wensheim
597 2160 632 2222 et
656 2149 825 2246 Gysela
851 2149 894 2222 da
919 2149 1220 2222 Lemherheim
1257 2173 1347 2224 vxor
1373 2175 1455 2241 sua,
1481 2151 1623 2246 quedam
1665 2156 1699 2224 in

317 2253 525 2348 proprietate
551 2261 586 2322 et
611 2249 755 2346 quedam
782 2253 919 2322 nomine
935 2249 1028 2322 leodi
1045 2254 1185 2324 uiuente
1213 2251 1422 2324 Gotlrido
1436 2255 1563 2346 pariter
1576 2257 1699 2348 possi-

318 2345 453 2441 debant,
479 2350 566 2422 inira
593 2353 761 2440 estimato,
786 2351 919 2444 quesita
946 2361 981 2422 ot
1006 2350 1222 2446 inquirenda,
1254 2375 1320 2446 que
1347 2351 1435 2424 dicta
1462 2352 1630 2447 Gpsela
1656 2351 1701 2426 de

316 2449 625 2524 Lemberheim
652 2453 870 2548 proprietatis
896 2454 1047 2540 nomine,
1072 2449 1129 2522 uel
1155 2475 1201 2524 ex
1227 2450 1419 2524 donacione
1445 2463 1501 2524 ant
1518 2452 1701 2546 legacione

318 2549 523 2622 Gotlridi
550 2549 592 2624 de
619 2549 958 2624 Sauwensheim
994 2553 1103 2622 mariti
1131 2554 1183 2624 sui
1209 2556 1396 2646 premortui
1421 2551 1594 2647 possedit,
1621 2565 1702 2648 aput

317 2651 426 2746 ipsam
452 2651 663 2747 Gpselam
692 2663 727 2723 et
754 2650 963 2723 Ottonem
990 2653 1187 2745 pincernam
1213 2663 1389 2740 nostrum,
1429 2675 1502 2724 cum
1530 2675 1597 2747 quo
1624 2657 1702 2749 ipsa

317 2749 533 2845 postmodum
559 2751 725 2845 legittime
753 2753 943 2841 contraxit,
968 2773 1030 2846 pro
1059 2749 1212 2824 ducentis
1239 2755 1364 2826 marcis
1390 2756 1523 2846 argenti
1548 2753 1702 2828 ecclesie

317 2861 437 2923 nostre
461 2849 695 2947 herbipolensi
722 2855 940 2942 emissemus
963 2873 1029 2926 nos
1056 2873 1118 2945 pro
1134 2850 1262 2925 eisdem
1292 2851 1446 2926 ducentis
1462 2856 1585 2927 mareis
1601 2853 1701 2928 dictis

317 2954 481 3045 pincerne
508 2962 542 3023 et
568 2951 699 3050 Gpsele
724 2951 766 3023 de
793 2973 965 3022 consensu
993 2961 1027 3022 et
1052 2951 1173 3024 fanore
1190 2953 1325 3048 capituli
1341 2957 1451 3026 nostri
1471 2953 1700 3046 obligauimus

320 3047 469 3123 cilicium
496 3052 632 3125 sculteti
657 3056 768 3126 nostri
801 3051 843 3124 de
869 3051 1211 3144 Heitingsuelt,
1251 3053 1357 3124 saluis
1394 3052 1495 3126 nobis
1533 3059 1700 3148 precariis

318 3153 448 3226 nostris
474 3153 509 3224 in
535 3157 616 3226 vino
644 3163 679 3224 et
706 3151 875 3240 denariis,
911 3153 980 3240 ita,
1014 3163 1050 3223 ut
1084 3155 1148 3246 ipsi
1189 3156 1351 3247 pincerna
1387 3164 1423 3224 et
1446 3153 1577 3250 Gysela
1610 3153 1701 3227 idem

320 3249 481 3343 officium,
507 3251 596 3346 quod
622 3253 799 3326 estimatur
825 3251 867 3323 ad
893 3255 1073 3346 sexaginta
1101 3251 1206 3326 libras
1233 3251 1459 3342 hallensium,
1495 3252 1640 3326 habeant
1666 3266 1702 3328 et

320 3353 417 3424 annis
436 3353 582 3446 singulis
596 3351 638 3424 ab
652 3351 730 3424 inde
746 3355 933 3449 percipiant
948 3353 1069 3445 viginti
1085 3374 1216 3426 marcas
1233 3356 1380 3445 argenti,
1406 3365 1505 3448 prout
1521 3365 1701 3446 argentum

321 3450 459 3523 cambiri
487 3453 577 3525 solet
603 3463 878 3525 antemonetam.
931 3453 974 3525 Et
1001 3456 1029 3524 si
1057 3449 1099 3523 de
1125 3451 1193 3524 illis
1209 3451 1418 3526 hallensibus
1433 3453 1558 3549 aliquid
1571 3478 1699 3550 super-

320 3549 446 3642 luerit,
479 3551 579 3624 nobis
606 3552 766 3642 soleant,
804 3551 866 3624 sed
892 3556 922 3628 si
955 3557 1064 3624 minus
1091 3551 1213 3642 fuerit,
1252 3552 1294 3624 de
1333 3553 1469 3626 delectu
1504 3566 1700 3649 respectum

320 3645 491 3723 habebunt
516 3651 559 3729 ad
583 3676 668 3742 nes,
695 3676 793 3747 quem
828 3651 1082 3748 adimplebimus
1119 3650 1161 3724 de
1198 3657 1363 3748 precariis
1398 3658 1527 3727 nostris
1563 3653 1698 3728 ibidem.

320 3751 420 3825 Etsi
447 3749 593 3824 officium
621 3752 723 3824 alicui
760 3753 859 3824 alteri
897 3753 1014 3824 locare
1040 3751 1229 3840 noluerint,
1265 3752 1298 3824 id
1335 3753 1462 3826 facient
1498 3753 1540 3826 de
1578 3767 1697 3828 nostro

322 3851 483 3943 consilio,
509 3853 599 3948 quod
624 3856 676 3926 eis
703 3855 778 3926 sine
804 3855 1036 3949 protractione
1063 3850 1211 3946 qualibet
1236 3853 1480 3948 impendemus.
1526 3853 1699 3928 Locabunt

321 3953 455 4046 inquam
481 3951 526 4023 ibi
552 3953 720 4048 aliquem,
759 3955 814 4048 qui
848 3973 917 4025 non
955 3955 1000 4025 sit
1024 3950 1215 4025 hominibus
1250 3975 1433 4029 onerosus.
1485 3955 1618 4027 Dictum
1645 3963 1698 4028 est

323 4053 444 4150 eciam,
470 4057 500 4125 si
527 4052 626 4126 ambo
654 4051 871 4142 decederent,
899 4051 948 4125 illi
972 4050 1190 4151 infrascripti,
1216 4056 1412 4150 inquorum
1428 4053 1580 4130 manibus
1596 4055 1695 4134 toea-
