<?xml version="1.0" encoding="UTF-8"?>
<!DOCTYPE html PUBLIC "-//W3C//DTD XHTML 1.0 Transitional//EN"
    "http://www.w3.org/TR/xhtml1/DTD/xhtml1-transitional.dtd">
<html xmlns="http://www.w3.org/1999/xhtml" xml:lang="en" lang="en">
 <head>
  <title>
</title>
<meta http-equiv="Content-Type" content="text/html;charset=utf-8" />
  <meta name='ocr-system' content='tesseract 3.04.00' />
  <meta name='ocr-capabilities' content='ocr_page ocr_carea ocr_par ocr_line ocrx_word'/>
</head>
<body>
  <div class='ocr_page' id='page_1' title='image "./monumentaboica00karagoog_0571.png"; bbox 0 0 3838 4728; ppageno 0'>
   <div class='ocr_carea' id='block_1_1' title="bbox 655 407 1610 532">
    <p class='ocr_par' dir='ltr' id='par_1_1' title="bbox 655 407 1610 532">
     <span class='ocr_line' id='line_1_1' title="bbox 655 407 1610 532; baseline 0.002 -25"><span class='ocrx_word' id='word_1_1' title='bbox 655 438 873 532; x_wconf 81' lang='lat' dir='ltr'><strong>episcopatos</strong></span> <span class='ocrx_word' id='word_1_2' title='bbox 899 407 1195 528; x_wconf 76' lang='lat' dir='ltr'><strong>uumiburgensis.</strong></span> <span class='ocrx_word' id='word_1_3' title='bbox 1484 445 1486 460; x_wconf 74' lang='lat'><strong>⁴</strong></span> <span class='ocrx_word' id='word_1_4' title='bbox 1536 433 1610 510; x_wconf 80' lang='grc'><strong>559</strong></span> 
     </span>
    </p>
   </div>
   <div class='ocr_carea' id='block_1_2' title="bbox 221 633 1613 1610">
    <p class='ocr_par' dir='ltr' id='par_1_2' title="bbox 221 633 1613 1610">
     <span class='ocr_line' id='line_1_2' title="bbox 222 633 1612 730; baseline 0.001 -22"><span class='ocrx_word' id='word_1_5' title='bbox 222 633 385 708; x_wconf 82' lang='lat' dir='ltr'><strong>tradimus</strong></span> <span class='ocrx_word' id='word_1_6' title='bbox 413 644 448 706; x_wconf 95' lang='lat' dir='ltr'><strong>et</strong></span> <span class='ocrx_word' id='word_1_7' title='bbox 473 633 639 708; x_wconf 77' lang='lat' dir='ltr'><strong>dommus</strong></span> <span class='ocrx_word' id='word_1_8' title='bbox 665 639 701 708; x_wconf 89' lang='lat' dir='ltr'><strong>in</strong></span> <span class='ocrx_word' id='word_1_9' title='bbox 727 639 858 708; x_wconf 80' lang='lat' dir='ltr'><strong>melum</strong></span> <span class='ocrx_word' id='word_1_10' title='bbox 883 639 1076 730; x_wconf 91' lang='lat' dir='ltr'><strong>proprium,</strong></span> <span class='ocrx_word' id='word_1_11' title='bbox 1107 633 1300 730; x_wconf 89' lang='lat' dir='ltr'><strong>petentibus</strong></span> <span class='ocrx_word' id='word_1_12' title='bbox 1333 633 1402 706; x_wconf 85' lang='lat' dir='ltr'><strong>boe</strong></span> <span class='ocrx_word' id='word_1_13' title='bbox 1434 633 1546 706; x_wconf 86' lang='lat' dir='ltr'><strong>milita</strong></span> <span class='ocrx_word' id='word_1_14' title='bbox 1573 643 1612 710; x_wconf 81' lang='lat' dir='ltr'><strong>et</strong></span> 
     </span>
     <span class='ocr_line' id='line_1_3' title="bbox 224 734 1612 832; baseline 0 -26"><span class='ocrx_word' id='word_1_15' title='bbox 224 737 355 808; x_wconf 84' lang='lat' dir='ltr'><strong>eomite</strong></span> <span class='ocrx_word' id='word_1_16' title='bbox 375 734 599 830; x_wconf 86' lang='lat' dir='ltr'><strong>supradietis,</strong></span> <span class='ocrx_word' id='word_1_17' title='bbox 631 739 726 830; x_wconf 89' lang='lat' dir='ltr'><strong>ipsas</strong></span> <span class='ocrx_word' id='word_1_18' title='bbox 760 748 876 832; x_wconf 89' lang='lat' dir='ltr'><strong>partes</strong></span> <span class='ocrx_word' id='word_1_19' title='bbox 909 757 985 808; x_wconf 76' lang='lat' dir='ltr'><strong>erum</strong></span> <span class='ocrx_word' id='word_1_20' title='bbox 1013 757 1130 806; x_wconf 86' lang='lat' dir='ltr'><strong>earum</strong></span> <span class='ocrx_word' id='word_1_21' title='bbox 1156 738 1381 808; x_wconf 86' lang='lat' dir='ltr'><strong>uniuersitate</strong></span> <span class='ocrx_word' id='word_1_22' title='bbox 1404 737 1441 805; x_wconf 93' lang='lat' dir='ltr'><strong>in</strong></span> <span class='ocrx_word' id='word_1_23' title='bbox 1463 734 1612 808; x_wconf 80' lang='lat' dir='ltr'><strong>eosdem</strong></span> 
     </span>
     <span class='ocr_line' id='line_1_4' title="bbox 223 833 1612 929; baseline 0.001 -23"><span class='ocrx_word' id='word_1_24' title='bbox 223 835 526 910; x_wconf 80' lang='lat' dir='ltr'><strong>aonmendatorem</strong></span> <span class='ocrx_word' id='word_1_25' title='bbox 553 846 587 907; x_wconf 90' lang='lat' dir='ltr'><strong>et</strong></span> <span class='ocrx_word' id='word_1_26' title='bbox 612 835 751 926; x_wconf 79' lang='lat' dir='ltr'><strong>batres,</strong></span> <span class='ocrx_word' id='word_1_27' title='bbox 777 847 815 908; x_wconf 85' lang='lat' dir='ltr'><strong>vt</strong></span> <span class='ocrx_word' id='word_1_28' title='bbox 840 846 959 910; x_wconf 85' lang='lat' dir='ltr'><strong>nostre</strong></span> <span class='ocrx_word' id='word_1_29' title='bbox 986 839 1098 906; x_wconf 86' lang='lat' dir='ltr'><strong>anime</strong></span> <span class='ocrx_word' id='word_1_30' title='bbox 1123 833 1612 929; x_wconf 76' lang='lat' dir='ltr'><strong>memorisinprelatadomo</strong></span> 
     </span>
     <span class='ocr_line' id='line_1_5' title="bbox 221 934 1611 1032; baseline 0.001 -26"><span class='ocrx_word' id='word_1_31' title='bbox 221 939 389 1030; x_wconf 84' lang='lat' dir='ltr'><strong>perpetim</strong></span> <span class='ocrx_word' id='word_1_32' title='bbox 414 945 609 1031; x_wconf 72' lang='lat' dir='ltr'><strong>peragatur,</strong></span> <span class='ocrx_word' id='word_1_33' title='bbox 635 959 711 1008; x_wconf 89' lang='lat' dir='ltr'><strong>eum</strong></span> <span class='ocrx_word' id='word_1_34' title='bbox 726 937 830 1032; x_wconf 90' lang='lat' dir='ltr'><strong>pleno</strong></span> <span class='ocrx_word' id='word_1_35' title='bbox 855 957 971 1008; x_wconf 90' lang='lat' dir='ltr'><strong>rerum</strong></span> <span class='ocrx_word' id='word_1_36' title='bbox 997 934 1147 1008; x_wconf 90' lang='lat' dir='ltr'><strong>dominio</strong></span> <span class='ocrx_word' id='word_1_37' title='bbox 1173 935 1436 1026; x_wconf 81' lang='lat' dir='ltr'><strong>transferentes,</strong></span> <span class='ocrx_word' id='word_1_38' title='bbox 1462 957 1482 1006; x_wconf 89' lang='lat' dir='ltr'><strong>a</strong></span> <span class='ocrx_word' id='word_1_39' title='bbox 1507 935 1611 1008; x_wconf 85' lang='lat' dir='ltr'><strong>nobis</strong></span> 
     </span>
     <span class='ocr_line' id='line_1_6' title="bbox 222 1034 1613 1130; baseline 0 -22"><span class='ocrx_word' id='word_1_40' title='bbox 222 1057 357 1130; x_wconf 81' lang='lat' dir='ltr'><strong>quoque</strong></span> <span class='ocrx_word' id='word_1_41' title='bbox 383 1059 485 1108; x_wconf 82' lang='lat' dir='ltr'><strong>omne</strong></span> <span class='ocrx_word' id='word_1_42' title='bbox 518 1039 598 1129; x_wconf 85' lang='lat' dir='ltr'><strong>jus,</strong></span> <span class='ocrx_word' id='word_1_43' title='bbox 640 1035 729 1130; x_wconf 83' lang='lat' dir='ltr'><strong>quod</strong></span> <span class='ocrx_word' id='word_1_44' title='bbox 765 1036 865 1110; x_wconf 90' lang='lat' dir='ltr'><strong>nobis</strong></span> <span class='ocrx_word' id='word_1_45' title='bbox 901 1047 934 1108; x_wconf 90' lang='lat' dir='ltr'><strong>et</strong></span> <span class='ocrx_word' id='word_1_46' title='bbox 971 1039 1099 1109; x_wconf 91' lang='lat' dir='ltr'><strong>nostris</strong></span> <span class='ocrx_word' id='word_1_47' title='bbox 1127 1035 1389 1110; x_wconf 82' lang='lat' dir='ltr'><strong>suecessoribus</strong></span> <span class='ocrx_word' id='word_1_48' title='bbox 1417 1039 1453 1106; x_wconf 87' lang='lat' dir='ltr'><strong>in</strong></span> <span class='ocrx_word' id='word_1_49' title='bbox 1478 1034 1613 1108; x_wconf 79' lang='lat' dir='ltr'><strong>eisdem</strong></span> 
     </span>
     <span class='ocr_line' id='line_1_7' title="bbox 223 1135 1610 1232; baseline 0 -25"><span class='ocrx_word' id='word_1_50' title='bbox 223 1135 438 1231; x_wconf 75' lang='lat' dir='ltr'>competebat</span> <span class='ocrx_word' id='word_1_51' title='bbox 462 1135 634 1232; x_wconf 92' lang='lat' dir='ltr'><strong>partibus,</strong></span> <span class='ocrx_word' id='word_1_52' title='bbox 660 1139 794 1230; x_wconf 89' lang='lat' dir='ltr'><strong>penitus</strong></span> <span class='ocrx_word' id='word_1_53' title='bbox 821 1136 1029 1210; x_wconf 71' lang='lat' dir='ltr'><strong>abdicantes.</strong></span> <span class='ocrx_word' id='word_1_54' title='bbox 1081 1135 1120 1208; x_wconf 92' lang='lat' dir='ltr'><strong>ln</strong></span> <span class='ocrx_word' id='word_1_55' title='bbox 1156 1136 1255 1208; x_wconf 91' lang='lat' dir='ltr'><strong>buius</strong></span> <span class='ocrx_word' id='word_1_56' title='bbox 1289 1139 1348 1208; x_wconf 84' lang='lat' dir='ltr'><strong>rei</strong></span> <span class='ocrx_word' id='word_1_57' title='bbox 1377 1137 1610 1208; x_wconf 83' lang='lat' dir='ltr'><strong>testimonium</strong></span> 
     </span>
     <span class='ocr_line' id='line_1_8' title="bbox 222 1234 1611 1332; baseline 0 -26"><span class='ocrx_word' id='word_1_58' title='bbox 222 1247 419 1332; x_wconf 75' lang='lat' dir='ltr'><strong>presentem</strong></span> <span class='ocrx_word' id='word_1_59' title='bbox 444 1241 602 1332; x_wconf 80' lang='lat' dir='ltr'>paginam</span> <span class='ocrx_word' id='word_1_60' title='bbox 635 1240 745 1308; x_wconf 83' lang='lat' dir='ltr'><strong>nostri</strong></span> <span class='ocrx_word' id='word_1_61' title='bbox 779 1237 886 1330; x_wconf 87' lang='lat' dir='ltr'><strong>sigilli</strong></span> <span class='ocrx_word' id='word_1_62' title='bbox 918 1239 1109 1332; x_wconf 86' lang='lat' dir='ltr'><strong>patrocinio</strong></span> <span class='ocrx_word' id='word_1_63' title='bbox 1138 1239 1365 1308; x_wconf 84' lang='lat' dir='ltr'><strong>conmunitam</strong></span> <span class='ocrx_word' id='word_1_64' title='bbox 1392 1234 1545 1307; x_wconf 77' lang='lat' dir='ltr'><strong>dedimus</strong></span> <span class='ocrx_word' id='word_1_65' title='bbox 1572 1287 1611 1306; x_wconf 82' lang='grc'><strong>..</strong></span> 
     </span>
     <span class='ocr_line' id='line_1_9' title="bbox 224 1334 1611 1432; baseline -0.001 -25"><span class='ocrx_word' id='word_1_66' title='bbox 224 1335 480 1408; x_wconf 83' lang='lat' dir='ltr'><strong>conmendatori</strong></span> <span class='ocrx_word' id='word_1_67' title='bbox 508 1347 542 1408; x_wconf 89' lang='lat' dir='ltr'><strong>et</strong></span> <span class='ocrx_word' id='word_1_68' title='bbox 568 1335 727 1408; x_wconf 77' lang='lat' dir='ltr'><strong>iratribus</strong></span> <span class='ocrx_word' id='word_1_69' title='bbox 755 1341 963 1410; x_wconf 89' lang='lat' dir='ltr'><strong>memoratis.</strong></span> <span class='ocrx_word' id='word_1_70' title='bbox 1005 1339 1128 1410; x_wconf 89' lang='lat' dir='ltr'><strong>Datum</strong></span> <span class='ocrx_word' id='word_1_71' title='bbox 1148 1335 1339 1432; x_wconf 88' lang='lat' dir='ltr'><strong>Herbipoli,</strong></span> <span class='ocrx_word' id='word_1_72' title='bbox 1366 1357 1455 1407; x_wconf 88' lang='lat' dir='ltr'><strong>anno</strong></span> <span class='ocrx_word' id='word_1_73' title='bbox 1483 1334 1611 1408; x_wconf 92' lang='lat' dir='ltr'><strong>domini</strong></span> 
     </span>
     <span class='ocr_line' id='line_1_10' title="bbox 222 1433 1610 1534; baseline -0.001 -27"><span class='ocrx_word' id='word_1_74' title='bbox 222 1435 441 1509; x_wconf 85' lang='lat' dir='ltr'>MCCLXXX</span> <span class='ocrx_word' id='word_1_75' title='bbox 466 1439 588 1527; x_wconf 83' lang='lat' dir='ltr'><strong>tercio,</strong></span> <span class='ocrx_word' id='word_1_76' title='bbox 615 1440 649 1508; x_wconf 95' lang='lat' dir='ltr'><strong>in</strong></span> <span class='ocrx_word' id='word_1_77' title='bbox 675 1435 730 1508; x_wconf 91' lang='lat' dir='ltr'><strong>die</strong></span> <span class='ocrx_word' id='word_1_78' title='bbox 757 1440 866 1508; x_wconf 89' lang='lat' dir='ltr'><strong>saneti</strong></span> <span class='ocrx_word' id='word_1_79' title='bbox 890 1437 1026 1510; x_wconf 87' lang='lat' dir='ltr'><strong>Martini</strong></span> <span class='ocrx_word' id='word_1_80' title='bbox 1052 1439 1230 1534; x_wconf 78' lang='lat' dir='ltr'><strong>episcopi,</strong></span> <span class='ocrx_word' id='word_1_81' title='bbox 1256 1433 1471 1533; x_wconf 84' lang='lat' dir='ltr'><strong>pontificatus</strong></span> <span class='ocrx_word' id='word_1_82' title='bbox 1497 1437 1610 1508; x_wconf 91' lang='lat' dir='ltr'><strong>nostri</strong></span> 
     </span>
     <span class='ocr_line' id='line_1_11' title="bbox 223 1559 441 1610; baseline -0.009 -2"><span class='ocrx_word' id='word_1_83' title='bbox 223 1559 312 1608; x_wconf 91' lang='lat' dir='ltr'><strong>anno</strong></span> <span class='ocrx_word' id='word_1_84' title='bbox 338 1559 441 1610; x_wconf 90' lang='lat' dir='ltr'><strong>nono.</strong></span> 
     </span>
    </p>
   </div>
   <div class='ocr_carea' id='block_1_3' title="bbox 433 1733 748 1818">
    <p class='ocr_par' dir='ltr' id='par_1_3' title="bbox 433 1733 748 1818">
     <span class='ocr_line' id='line_1_12' title="bbox 433 1733 748 1818; baseline -0.003 -20"><span class='ocrx_word' id='word_1_85' title='bbox 433 1734 569 1818; x_wconf 80' lang='lat' dir='ltr'><strong>Sigillum</strong></span> <span class='ocrx_word' id='word_1_86' title='bbox 591 1733 748 1816; x_wconf 78' lang='lat' dir='ltr'><strong>appendet</strong></span> 
     </span>
    </p>
   </div>
   <div class='ocr_carea' id='block_1_4' title="bbox 826 2179 1013 2258">
    <p class='ocr_par' dir='ltr' id='par_1_4' title="bbox 826 2179 1013 2258">
     <span class='ocr_line' id='line_1_13' title="bbox 826 2179 1013 2258; baseline -0.043 0"><span class='ocrx_word' id='word_1_87' title='bbox 826 2179 1013 2258; x_wconf 74' lang='lat' dir='ltr'><strong>domn.</strong></span> 
     </span>
    </p>
   </div>
   <div class='ocr_carea' id='block_1_5' title="bbox 582 2376 1251 2459">
    <p class='ocr_par' dir='ltr' id='par_1_5' title="bbox 582 2376 1251 2459">
     <span class='ocr_line' id='line_1_14' title="bbox 582 2376 1251 2459; baseline -0.009 -15"><span class='ocrx_word' id='word_1_88' title='bbox 582 2379 672 2444; x_wconf 75' lang='lat' dir='ltr'><strong>Anao</strong></span> <span class='ocrx_word' id='word_1_89' title='bbox 697 2376 800 2457; x_wconf 79' lang='lat'><strong>1283,</strong></span> <span class='ocrx_word' id='word_1_90' title='bbox 825 2378 855 2440; x_wconf 83' lang='lat'><strong>2.</strong></span> <span class='ocrx_word' id='word_1_91' title='bbox 877 2378 1065 2456; x_wconf 74' lang='lat' dir='ltr'><strong>Decembris,</strong></span> <span class='ocrx_word' id='word_1_92' title='bbox 1089 2377 1251 2459; x_wconf 87' lang='lat' dir='ltr'><strong>llerbipob.</strong></span> 
     </span>
    </p>
   </div>
   <div class='ocr_carea' id='block_1_6' title="bbox 221 2561 1615 2859">
    <p class='ocr_par' dir='ltr' id='par_1_6' title="bbox 221 2561 1615 2859">
     <span class='ocr_line' id='line_1_15' title="bbox 221 2561 1612 2659; baseline -0.001 -23"><span class='ocrx_word' id='word_1_93' title='bbox 221 2562 404 2636; x_wconf 74' lang='lat' dir='ltr'><strong>bertoldus</strong></span> <span class='ocrx_word' id='word_1_94' title='bbox 432 2562 686 2658; x_wconf 85' lang='lat' dir='ltr'><strong>herbipolensis</strong></span> <span class='ocrx_word' id='word_1_95' title='bbox 713 2567 897 2659; x_wconf 83' lang='lat' dir='ltr'><strong>episeopus</strong></span> <span class='ocrx_word' id='word_1_96' title='bbox 934 2561 1094 2637; x_wconf 74' lang='lat' dir='ltr'><strong>iratribus</strong></span> <span class='ocrx_word' id='word_1_97' title='bbox 1121 2563 1241 2634; x_wconf 79' lang='lat' dir='ltr'><strong>domus</strong></span> <span class='ocrx_word' id='word_1_98' title='bbox 1268 2562 1450 2656; x_wconf 85' lang='lat' dir='ltr'><strong>hospitalis</strong></span> <span class='ocrx_word' id='word_1_99' title='bbox 1478 2561 1514 2633; x_wconf 87' lang='lat' dir='ltr'><strong>S.</strong></span> <span class='ocrx_word' id='word_1_100' title='bbox 1543 2563 1612 2634; x_wconf 82' lang='lat' dir='ltr'><strong>lo-</strong></span> 
     </span>
     <span class='ocr_line' id='line_1_16' title="bbox 222 2661 1615 2760; baseline -0.001 -25"><span class='ocrx_word' id='word_1_101' title='bbox 222 2664 342 2738; x_wconf 83' lang='lat' dir='ltr'><strong>bannis</strong></span> <span class='ocrx_word' id='word_1_102' title='bbox 368 2667 403 2734; x_wconf 93' lang='lat' dir='ltr'><strong>in</strong></span> <span class='ocrx_word' id='word_1_103' title='bbox 429 2663 607 2760; x_wconf 81' lang='lat' dir='ltr'><strong>llerbipoli</strong></span> <span class='ocrx_word' id='word_1_104' title='bbox 633 2665 798 2737; x_wconf 79' lang='lat' dir='ltr'><strong>desimam</strong></span> <span class='ocrx_word' id='word_1_105' title='bbox 824 2662 1060 2754; x_wconf 84' lang='lat' dir='ltr'><strong>inbueohele,</strong></span> <span class='ocrx_word' id='word_1_106' title='bbox 1087 2680 1187 2758; x_wconf 77' lang='lat' dir='ltr'><strong>quana</strong></span> <span class='ocrx_word' id='word_1_107' title='bbox 1205 2661 1408 2735; x_wconf 77' lang='lat' dir='ltr'><strong>buderrious</strong></span> <span class='ocrx_word' id='word_1_108' title='bbox 1437 2662 1481 2734; x_wconf 88' lang='lat' dir='ltr'><strong>de</strong></span> <span class='ocrx_word' id='word_1_109' title='bbox 1512 2663 1615 2734; x_wconf 76' lang='lat' dir='ltr'><strong>lies-</strong></span> 
     </span>
     <span class='ocr_line' id='line_1_17' title="bbox 379 2761 1464 2859; baseline 0 -25"><span class='ocrx_word' id='word_1_110' title='bbox 379 2773 491 2838; x_wconf 82' lang='lat' dir='ltr'><strong>zestat</strong></span> <span class='ocrx_word' id='word_1_111' title='bbox 517 2789 537 2836; x_wconf 93' lang='lat' dir='ltr'><strong>a</strong></span> <span class='ocrx_word' id='word_1_112' title='bbox 563 2785 603 2837; x_wconf 91' lang='lat' dir='ltr'><strong>se</strong></span> <span class='ocrx_word' id='word_1_113' title='bbox 629 2768 664 2837; x_wconf 92' lang='lat' dir='ltr'><strong>in</strong></span> <span class='ocrx_word' id='word_1_114' title='bbox 690 2764 797 2836; x_wconf 90' lang='lat' dir='ltr'><strong>leodo</strong></span> <span class='ocrx_word' id='word_1_115' title='bbox 822 2761 1033 2859; x_wconf 68' lang='lat' dir='ltr'><strong>possidebat,</strong></span> <span class='ocrx_word' id='word_1_116' title='bbox 1059 2767 1095 2835; x_wconf 89' lang='lat' dir='ltr'><strong>in</strong></span> <span class='ocrx_word' id='word_1_117' title='bbox 1119 2766 1293 2859; x_wconf 83' lang='lat' dir='ltr'><strong>proprium</strong></span> <span class='ocrx_word' id='word_1_118' title='bbox 1320 2761 1464 2835; x_wconf 83' lang='lat' dir='ltr'><strong>emrfert.</strong></span> 
     </span>
    </p>
   </div>
   <div class='ocr_carea' id='block_1_7' title="bbox 323 2929 1620 3030">
    <p class='ocr_par' dir='ltr' id='par_1_7' title="bbox 323 2929 1620 3030">
     <span class='ocr_line' id='line_1_18' title="bbox 323 2929 1620 3030; baseline -0.004 -23"><span class='ocrx_word' id='word_1_119' title='bbox 323 2935 570 3012; x_wconf 84' lang='lat' dir='ltr'><strong>Bertoldus</strong></span> <span class='ocrx_word' id='word_1_120' title='bbox 606 2937 660 3010; x_wconf 91' lang='lat' dir='ltr'><strong>dei</strong></span> <span class='ocrx_word' id='word_1_121' title='bbox 698 2939 808 3030; x_wconf 86' lang='lat' dir='ltr'><strong>gratia</strong></span> <span class='ocrx_word' id='word_1_122' title='bbox 833 2933 1085 3030; x_wconf 80' lang='lat' dir='ltr'><strong>herbipolensis</strong></span> <span class='ocrx_word' id='word_1_123' title='bbox 1114 2936 1307 3029; x_wconf 86' lang='lat' dir='ltr'><strong>episeopus.</strong></span> <span class='ocrx_word' id='word_1_124' title='bbox 1358 2929 1528 3005; x_wconf 83' lang='lat' dir='ltr'><strong>Noverint</strong></span> <span class='ocrx_word' id='word_1_125' title='bbox 1553 2933 1620 3002; x_wconf 58' lang='lat' dir='ltr'><strong>in*</strong></span> 
     </span>
    </p>
   </div>
   <div class='ocr_carea' id='block_1_8' title="bbox 90 3019 1616 3132">
    <p class='ocr_par' dir='ltr' id='par_1_8' title="bbox 90 3019 1616 3132">
     <span class='ocr_line' id='line_1_19' title="bbox 90 3019 1616 3132; baseline -0.005 -23"><span class='ocrx_word' id='word_1_126' title='bbox 90 3019 94 3026; x_wconf 43' lang='lat'>¹</span> <span class='ocrx_word' id='word_1_127' title='bbox 225 3045 409 3132; x_wconf 84' lang='lat' dir='ltr'><strong>speetores</strong></span> <span class='ocrx_word' id='word_1_128' title='bbox 430 3039 641 3132; x_wconf 80' lang='lat' dir='ltr'><strong>presentium</strong></span> <span class='ocrx_word' id='word_1_129' title='bbox 655 3039 822 3126; x_wconf 85' lang='lat' dir='ltr'><strong>uniuersi,</strong></span> <span class='ocrx_word' id='word_1_130' title='bbox 848 3034 1065 3130; x_wconf 84' lang='lat' dir='ltr'><strong>quoddileeti</strong></span> <span class='ocrx_word' id='word_1_131' title='bbox 1090 3039 1125 3108; x_wconf 92' lang='lat' dir='ltr'><strong>in</strong></span> <span class='ocrx_word' id='word_1_132' title='bbox 1140 3032 1277 3108; x_wconf 86' lang='lat' dir='ltr'><strong>Christo</strong></span> <span class='ocrx_word' id='word_1_133' title='bbox 1306 3085 1340 3104; x_wconf 90' lang='lat'><strong>..</strong></span> <span class='ocrx_word' id='word_1_134' title='bbox 1369 3029 1616 3108; x_wconf 79' lang='lat' dir='ltr'><strong>commendator</strong></span> 
     </span>
    </p>
   </div>
   <div class='ocr_carea' id='block_1_9' title="bbox 215 3130 1621 4135">
    <p class='ocr_par' dir='ltr' id='par_1_9' title="bbox 215 3130 1621 4135">
     <span class='ocr_line' id='line_1_20' title="bbox 225 3130 1618 3235; baseline -0.004 -24"><span class='ocrx_word' id='word_1_135' title='bbox 225 3137 411 3212; x_wconf 71' lang='lat' dir='ltr'><strong>otbatres</strong></span> <span class='ocrx_word' id='word_1_136' title='bbox 435 3137 557 3235; x_wconf 81' lang='lat' dir='ltr'><strong>domus</strong></span> <span class='ocrx_word' id='word_1_137' title='bbox 583 3137 834 3234; x_wconf 85' lang='lat' dir='ltr'><strong>hospitalis</strong></span> <span class='ocrx_word' id='word_1_138' title='bbox 870 3138 1015 3210; x_wconf 85' lang='lat' dir='ltr'><strong>saneti</strong></span> <span class='ocrx_word' id='word_1_139' title='bbox 1048 3135 1267 3208; x_wconf 83' lang='lat' dir='ltr'><strong>lobannis</strong></span> <span class='ocrx_word' id='word_1_140' title='bbox 1302 3135 1337 3206; x_wconf 92' lang='lat' dir='ltr'><strong>in</strong></span> <span class='ocrx_word' id='word_1_141' title='bbox 1372 3130 1618 3226; x_wconf 84' lang='lat' dir='ltr'><strong>Herbipoli</strong></span> 
     </span>
     <span class='ocr_line' id='line_1_21' title="bbox 224 3231 1618 3333; baseline -0.005 -22"><span class='ocrx_word' id='word_1_142' title='bbox 224 3239 259 3311; x_wconf 82' lang='lat' dir='ltr'><strong>in</strong></span> <span class='ocrx_word' id='word_1_143' title='bbox 284 3240 584 3333; x_wconf 83' lang='lat' dir='ltr'><strong>nostripreseotia</strong></span> <span class='ocrx_word' id='word_1_144' title='bbox 602 3247 817 3326; x_wconf 86' lang='lat' dir='ltr'><strong>asserentes,</strong></span> <span class='ocrx_word' id='word_1_145' title='bbox 842 3236 992 3310; x_wconf 87' lang='lat' dir='ltr'><strong>seillam</strong></span> <span class='ocrx_word' id='word_1_146' title='bbox 1009 3233 1174 3310; x_wconf 81' lang='lat' dir='ltr'><strong>decimam</strong></span> <span class='ocrx_word' id='word_1_147' title='bbox 1200 3231 1488 3322; x_wconf 87' lang='lat' dir='ltr'><strong>inBueebela,</strong></span> <span class='ocrx_word' id='word_1_148' title='bbox 1515 3252 1618 3324; x_wconf 76' lang='lat' dir='ltr'><strong>pram</strong></span> 
     </span>
     <span class='ocr_line' id='line_1_22' title="bbox 225 3330 1618 3429; baseline -0.001 -22"><span class='ocrx_word' id='word_1_149' title='bbox 225 3335 492 3412; x_wconf 81' lang='lat' dir='ltr'><strong>Ludewieus</strong></span> <span class='ocrx_word' id='word_1_150' title='bbox 530 3335 574 3410; x_wconf 87' lang='lat' dir='ltr'><strong>de</strong></span> <span class='ocrx_word' id='word_1_151' title='bbox 596 3338 852 3412; x_wconf 81' lang='lat' dir='ltr'><strong>Reasastat</strong></span> <span class='ocrx_word' id='word_1_152' title='bbox 888 3357 909 3410; x_wconf 82' lang='lat' dir='ltr'><strong>a</strong></span> <span class='ocrx_word' id='word_1_153' title='bbox 944 3333 1044 3410; x_wconf 87' lang='lat' dir='ltr'><strong>uobis</strong></span> <span class='ocrx_word' id='word_1_154' title='bbox 1078 3339 1112 3410; x_wconf 93' lang='lat' dir='ltr'><strong>ln</strong></span> <span class='ocrx_word' id='word_1_155' title='bbox 1138 3333 1245 3408; x_wconf 88' lang='lat' dir='ltr'><strong>ieodo</strong></span> <span class='ocrx_word' id='word_1_156' title='bbox 1269 3331 1493 3429; x_wconf 85' lang='lat' dir='ltr'><strong>possidebat,</strong></span> <span class='ocrx_word' id='word_1_157' title='bbox 1526 3330 1618 3425; x_wconf 87' lang='lat' dir='ltr'><strong>apud</strong></span> 
     </span>
     <span class='ocr_line' id='line_1_23' title="bbox 226 3434 1618 3533; baseline -0.007 -21"><span class='ocrx_word' id='word_1_158' title='bbox 226 3436 374 3514; x_wconf 71' lang='lat' dir='ltr'><strong>stradam</strong></span> <span class='ocrx_word' id='word_1_159' title='bbox 397 3437 680 3514; x_wconf 77' lang='lat' dir='ltr'><strong>tudawreun</strong></span> <span class='ocrx_word' id='word_1_160' title='bbox 706 3460 768 3533; x_wconf 94' lang='lat' dir='ltr'><strong>pro</strong></span> <span class='ocrx_word' id='word_1_161' title='bbox 796 3434 1021 3530; x_wconf 80' lang='lat' dir='ltr'><strong>quadraginta</strong></span> <span class='ocrx_word' id='word_1_162' title='bbox 1043 3436 1139 3512; x_wconf 90' lang='lat' dir='ltr'><strong>libris</strong></span> <span class='ocrx_word' id='word_1_163' title='bbox 1156 3435 1361 3510; x_wconf 81' lang='lat' dir='ltr'><strong>ballensium</strong></span> <span class='ocrx_word' id='word_1_164' title='bbox 1378 3452 1618 3527; x_wconf 79' lang='lat' dir='ltr'><strong>comparasse,</strong></span> 
     </span>
     <span class='ocr_line' id='line_1_24' title="bbox 215 3533 1620 3634; baseline -0.003 -23"><span class='ocrx_word' id='word_1_165' title='bbox 215 3537 326 3614; x_wconf 81' lang='lat' dir='ltr'><strong>nobis</strong></span> <span class='ocrx_word' id='word_1_166' title='bbox 352 3560 428 3616; x_wconf 82' lang='lat' dir='ltr'><strong>enar</strong></span> <span class='ocrx_word' id='word_1_167' title='bbox 454 3540 623 3613; x_wconf 84' lang='lat' dir='ltr'><strong>insteueis</strong></span> <span class='ocrx_word' id='word_1_168' title='bbox 649 3538 903 3634; x_wconf 82' lang='lat' dir='ltr'><strong>supplicarunt,</strong></span> <span class='ocrx_word' id='word_1_169' title='bbox 938 3547 976 3610; x_wconf 84' lang='lat' dir='ltr'><strong>vt</strong></span> <span class='ocrx_word' id='word_1_170' title='bbox 1003 3539 1054 3612; x_wconf 90' lang='lat' dir='ltr'><strong>ais</strong></span> <span class='ocrx_word' id='word_1_171' title='bbox 1081 3541 1115 3610; x_wconf 93' lang='lat' dir='ltr'><strong>in</strong></span> <span class='ocrx_word' id='word_1_172' title='bbox 1141 3533 1328 3611; x_wconf 81' lang='lat' dir='ltr'><strong>remedium</strong></span> <span class='ocrx_word' id='word_1_173' title='bbox 1354 3536 1468 3606; x_wconf 83' lang='lat' dir='ltr'><strong>anime</strong></span> <span class='ocrx_word' id='word_1_174' title='bbox 1492 3540 1620 3606; x_wconf 76' lang='lat' dir='ltr'><strong>nostre·</strong></span> 
     </span>
     <span class='ocr_line' id='line_1_25' title="bbox 225 3631 1621 3732; baseline 0 -24"><span class='ocrx_word' id='word_1_175' title='bbox 225 3640 336 3732; x_wconf 85' lang='lat' dir='ltr'><strong>ipsam</strong></span> <span class='ocrx_word' id='word_1_176' title='bbox 360 3637 526 3714; x_wconf 76' lang='lat' dir='ltr'><strong>desimam</strong></span> <span class='ocrx_word' id='word_1_177' title='bbox 553 3637 683 3711; x_wconf 89' lang='lat' dir='ltr'><strong>donare</strong></span> <span class='ocrx_word' id='word_1_178' title='bbox 708 3641 743 3710; x_wconf 89' lang='lat' dir='ltr'><strong>in</strong></span> <span class='ocrx_word' id='word_1_179' title='bbox 769 3639 943 3732; x_wconf 84' lang='lat' dir='ltr'><strong>proprium</strong></span> <span class='ocrx_word' id='word_1_180' title='bbox 969 3659 1177 3712; x_wconf 78' lang='lat' dir='ltr'><strong>duraremus.</strong></span> <span class='ocrx_word' id='word_1_181' title='bbox 1230 3634 1304 3710; x_wconf 88' lang='lat' dir='ltr'><strong>Nos</strong></span> <span class='ocrx_word' id='word_1_182' title='bbox 1343 3637 1456 3728; x_wconf 82' lang='lat' dir='ltr'><strong>itaque</strong></span> <span class='ocrx_word' id='word_1_183' title='bbox 1490 3631 1621 3708; x_wconf 63' lang='lat' dir='ltr'><strong>huius·</strong></span> 
     </span>
     <span class='ocr_line' id='line_1_26' title="bbox 225 3729 1621 3834; baseline -0.006 -21"><span class='ocrx_word' id='word_1_184' title='bbox 225 3737 318 3818; x_wconf 90' lang='lat' dir='ltr'><strong>modi</strong></span> <span class='ocrx_word' id='word_1_185' title='bbox 349 3737 652 3834; x_wconf 72' lang='lat' dir='ltr'><strong>supplicationibus</strong></span> <span class='ocrx_word' id='word_1_186' title='bbox 689 3737 849 3818; x_wconf 86' lang='lat' dir='ltr'><strong>deuotius</strong></span> <span class='ocrx_word' id='word_1_187' title='bbox 880 3736 1031 3812; x_wconf 83' lang='lat' dir='ltr'><strong>inclinati</strong></span> <span class='ocrx_word' id='word_1_188' title='bbox 1071 3736 1216 3812; x_wconf 86' lang='lat' dir='ltr'><strong>eandem</strong></span> <span class='ocrx_word' id='word_1_189' title='bbox 1248 3734 1435 3823; x_wconf 83' lang='lat' dir='ltr'><strong>desimam,</strong></span> <span class='ocrx_word' id='word_1_190' title='bbox 1468 3729 1621 3806; x_wconf 83' lang='lat' dir='ltr'><strong>nobiae</strong></span> 
     </span>
     <span class='ocr_line' id='line_1_27' title="bbox 225 3829 1621 3934; baseline -0.004 -25"><span class='ocrx_word' id='word_1_191' title='bbox 225 3839 359 3934; x_wconf 86' lang='lat' dir='ltr'><strong>prelato</strong></span> <span class='ocrx_word' id='word_1_192' title='bbox 385 3837 624 3910; x_wconf 89' lang='lat' dir='ltr'><strong>Ludewieo</strong></span> <span class='ocrx_word' id='word_1_193' title='bbox 653 3841 875 3932; x_wconf 82' lang='lat' dir='ltr'><strong>emptionem,</strong></span> <span class='ocrx_word' id='word_1_194' title='bbox 898 3836 943 3910; x_wconf 93' lang='lat' dir='ltr'><strong>de</strong></span> <span class='ocrx_word' id='word_1_195' title='bbox 969 3859 1034 3932; x_wconf 80' lang='lat' dir='ltr'><strong>qua</strong></span> <span class='ocrx_word' id='word_1_196' title='bbox 1047 3837 1243 3932; x_wconf 75' lang='lat' dir='ltr'><strong>predicitur,</strong></span> <span class='ocrx_word' id='word_1_197' title='bbox 1267 3833 1404 3930; x_wconf 88' lang='lat' dir='ltr'><strong>publiea</strong></span> <span class='ocrx_word' id='word_1_198' title='bbox 1418 3829 1621 3921; x_wconf 79' lang='lat' dir='ltr'><strong>eonbteute,</strong></span> 
     </span>
     <span class='ocr_line' id='line_1_28' title="bbox 226 3932 1614 4030; baseline -0.005 -21"><span class='ocrx_word' id='word_1_199' title='bbox 226 3941 261 4010; x_wconf 94' lang='lat' dir='ltr'><strong>in</strong></span> <span class='ocrx_word' id='word_1_200' title='bbox 286 3941 416 4012; x_wconf 91' lang='lat' dir='ltr'><strong>nostris</strong></span> <span class='ocrx_word' id='word_1_201' title='bbox 442 3937 596 4011; x_wconf 88' lang='lat' dir='ltr'><strong>manibus</strong></span> <span class='ocrx_word' id='word_1_202' title='bbox 622 3940 845 4030; x_wconf 85' lang='lat' dir='ltr'><strong>resignatam,</strong></span> <span class='ocrx_word' id='word_1_203' title='bbox 872 3937 1130 4010; x_wconf 78' lang='lat' dir='ltr'><strong>conmendatori</strong></span> <span class='ocrx_word' id='word_1_204' title='bbox 1168 3948 1202 4008; x_wconf 93' lang='lat' dir='ltr'><strong>et</strong></span> <span class='ocrx_word' id='word_1_205' title='bbox 1240 3932 1400 4008; x_wconf 89' lang='lat' dir='ltr'><strong>iratribus</strong></span> <span class='ocrx_word' id='word_1_206' title='bbox 1433 3934 1614 4028; x_wconf 89' lang='lat' dir='ltr'><strong>prenomi-</strong></span> 
     </span>
     <span class='ocr_line' id='line_1_29' title="bbox 226 4035 1615 4135; baseline -0.005 -23"><span class='ocrx_word' id='word_1_207' title='bbox 226 4043 314 4114; x_wconf 89' lang='lat' dir='ltr'><strong>natis</strong></span> <span class='ocrx_word' id='word_1_208' title='bbox 342 4039 503 4114; x_wconf 90' lang='lat' dir='ltr'><strong>tradimus</strong></span> <span class='ocrx_word' id='word_1_209' title='bbox 532 4049 566 4110; x_wconf 91' lang='lat' dir='ltr'><strong>et</strong></span> <span class='ocrx_word' id='word_1_210' title='bbox 592 4036 757 4114; x_wconf 88' lang='lat' dir='ltr'><strong>donamus</strong></span> <span class='ocrx_word' id='word_1_211' title='bbox 784 4041 819 4111; x_wconf 90' lang='lat' dir='ltr'><strong>in</strong></span> <span class='ocrx_word' id='word_1_212' title='bbox 844 4041 1017 4135; x_wconf 92' lang='lat' dir='ltr'><strong>proprium</strong></span> <span class='ocrx_word' id='word_1_213' title='bbox 1053 4041 1130 4126; x_wconf 85' lang='lat' dir='ltr'><strong>iure</strong></span> <span class='ocrx_word' id='word_1_214' title='bbox 1167 4040 1253 4110; x_wconf 88' lang='lat' dir='ltr'><strong>mari</strong></span> <span class='ocrx_word' id='word_1_215' title='bbox 1287 4036 1417 4131; x_wconf 84' lang='lat' dir='ltr'><strong>proprii</strong></span> <span class='ocrx_word' id='word_1_216' title='bbox 1447 4035 1615 4128; x_wconf 87' lang='lat' dir='ltr'><strong>perpetim</strong></span> 
     </span>
    </p>
   </div>
   <div class='ocr_carea' id='block_1_10' title="bbox 0 0 1934 4728">
    <p class='ocr_par' dir='ltr' id='par_1_10' title="bbox 0 0 1934 4728">
     <span class='ocr_line' id='line_1_30' title="bbox 0 0 1934 4728; baseline 0 0"><span class='ocrx_word' id='word_1_217' title='bbox 0 0 1934 4728; x_wconf 95' lang='lat' dir='ltr'><strong> </strong></span> 
     </span>
    </p>
   </div>
  </div>
 </body>
</html>
