3794 4722
359 468 429 546 121
934 460 1152 544 Monumentu
1193 538 1196 544 .

357 695 472 747 urnam
499 675 567 746 uini
593 665 762 745 auhudtiio‘
789 660 822 742 iu
847 671 938 746 iosto
965 653 1733 766 0101111001ιο0ᾶί0010010000510111001·

357 799 442 848 uero
470 795 570 870 supro
597 773 675 844 dicti
699 769 949 844 Eberhardi
985 771 1135 868 predicto
1161 773 1255 843 eurio
1281 773 1314 842 in
1340 790 1438 844 usum
1463 769 1671 840 dominarum
1690 773 1733 841 in

357 873 611 967 Kiuuingen
639 874 704 944 deo
731 875 950 946 seruientium
978 872 1097 961 cedet
1133 875 1179 943 ito
1210 879 1323 943 tamen
1349 870 1474 966 quod
1465 891 1537 965 lpse
1564 879 1731 942 oenonetn

357 979 579 1048 constitutum
606 981 641 1045 et
665 991 767 1070 supro
791 973 949 1044 dictum
938 993 973 1043 ιιι
999 975 1231 1046 anniuersario
1257 975 1323 1042 iem
1350 975 1464 1067 sepius
1492 968 1755 1044 1101111101--

356 1075 486 1147 hardi
520 1076 686 1146 annuatim
722 1073 929 1169 persolueut.
980 1071 1027 1144 Vt
1059 1075 1161 1165 igitur
1197 1075 1230 1141 in
1264 1081 1437 1164 posterum
1471 1067 1568 1165 huius
1596 1073 1732 1143 consti·
1744 1075 1755 1092 ‘

357 1177 496 1250 tutionis
529 1175 622 1247 nullu
657 1172 714 1243 hut
748 1171 898 1245 obliuio
936 1171 976 1262 h
980 1193 999 1243 0
1026 1173 1154 1244 cartula
1178 1175 1288 1244 nostri
1315 1171 1419 1265 sigilli
1443 1156 1672 1289 impressione
1698 1179 1735 1242 ot

357 1277 501 1351 testibus
526 1273 726 1368 subscriptis
754 1197 977 1344 corroborato
1003 1283 1057 1346 est
1083 1281 1118 1344 et
1143 1275 1355 1343 communite.

453 1375 515 1450 lsti
542 1383 619 1448 sunt
643 1382 775 1446 testes:
803 1371 1020 1446 Gotheiridus
1039 1383 1170 1463 canton
1190 1374 1369 1444 Heinrieus
1385 1369 1596 1462 Vuoherdus‚
1614 1370 1732 1442 Eher

356 1476 480 1549 hardus
508 1474 763 1566 tellumone,
791 1468 967 1546 Chorodus
994 1473 1036 1544 de
1061 1472 1233 1564 nouere,
1265 1467 1498 1545 Theodericus
1524 1473 1732 1567 prepositos

358 1574 574 1649 Gothefrtdus
602 1571 826 1664 scolasticus
851 1572 1098 1666 Eggehordus‚
1122 1573 1214 1645 B'ern
1240 1593 1318 1644 erus
1346 1573 1388 1644 de
1413 1567 1594 1662 Gimhern
1618 1571 1732 1643 licin-

358 1681 448 1748 rious
485 1677 702 1745 camerarius.
756 1671 838 1744 ltern
872 1675 975 1744 leioi:
1013 1673 1185 1745 lleroldus
1216 1595 1351 1762 diurn,
1388 1670 1507 1762 Arno
1546 1665 1733 1744 lohannes

360 1771 610 1894 Wernhurdus‚
636 1772 848 1863 Adelhunus
866 1764 974 1867 ll'r'rgo
1002 1773 1060 1845 de
1070 1773 1269 1867 Cellingen7
1288 1767 1466 1844 Adelhero
1492 1781 1528 1843 et
1552 1757 1608 1844 olii
1635 1787 1733 1868 φιιιιιι

358 1877 547 2047 Plunndllotu
581 1983 658 2048 sunt
688 1973 751 2064 ht⁰
784 1995 875 2046 enno
901 1973 1065 2066 dominice
1092 1969 1419 2046 incarnationis'hht·
1435 1967 1488 2044 0⁰·
1503 1971 1735 2066 thmuis,

327 2097 331 2104 ·
360 2075 640 2164 indictionem,
672 2084 837 2168 regnante
870 2073 1045 2146 Friderico
1081 2073 1333 2167 gloriosissimo
1367 2093 1585 2144 romanorum
1620 2077 1733 2170 impe-

360 2187 488 2270 ratore,
513 2173 803 2268 wirzeburgensis
830 2173 978 2269 ecclesie
1005 2175 1169 2278 episeopo
1197 2175 1381 2266 existente,
1406 2173 1571 2270 Boppone
1597 2179 1733 2248 comite.

573 2374 708 2460 Sigillum
730 2374 851 2460 collegit
874 2373 905 2440 S.
928 2373 1040 2466 lltlipul
1056 2373 1100 2464 de
1118 2373 1208 2441 domo
1229 2378 1408 2457 impressum
1430 2372 1523 2438 udest.

959 2806 1128 2886 CXXXV.

943 3012 1033 3076 Anno
1056 3007 1148 3077 1184.
1234 3016 1237 3030 “

365 3193 524 3291 Collegio
561 3197 669 3271 suncti
701 3195 838 3294 Kyliani
871 3187 1017 3274 testante
1050 3195 1198 3274 iudaeus
1229 3199 1367 3272 nomino
1398 3195 1498 3272 Vivis
1531 3199 1668 3274 vineam
1700 3201 1736 3283 io

567 3295 751 3371 Steinhuoh
777 3323 880 3396 super
905 3300 1067 3395 reliquias
1094 3303 1201 3374 saneti
1226 3299 1348 3376 Kilioni
1374 3297 1520 3394 delegat.

462 3465 499 3540 G.
550 3465 588 3540 ln
613 3471 750 3540 nomine
778 3479 893 3562 sancte
931 3477 965 3542 et
997 3469 1164 3563 indiuiduo
1189 3471 1356 3542 trinitatis.
1407 3469 1601 3564 Collegium
1626 3471 1736 3542 suncti

360 3567 496 3668 hulieni
538 3567 580 3641 dc
619 3568 732 3642 domo.
783 3567 965 3663 Agnoscat
1002 3579 1037 3644 et
1073 3571 1207 3644 recolat
1241 3573 1401 3644 uniuerso
1427 3569 1552 3644 Christi
1587 3569 1735 3641 fidelium

362 3669 530 3761 ecclesio,
565 3669 707 3742 Judeurn
743 3670 906 3766 quendum
932 3666 1058 3745 Viuls
1084 3675 1220 3744 nornine
1247 3681 1282 3742 et
1306 3688 1449 3742 uuxorern
1476 3679 1570 3744 suem
1595 3673 1736 3743 nornine

362 3768 509 3844 Surum
542 3786 604 3866 spe
638 3770 848 3844 defensionis
875 3781 910 3844 et
934 3775 1040 3866 gratie
1066 3776 1199 3844 uincam
1233 3792 1297 3844 sex
1332 3774 1486 3864 iugerum
1520 3769 1736 3843 1081010-

361 3869 473 3942 huch
508 3873 604 3944 situm
643 3893 705 3966 per
737 3891 870 3943 monum
893 3870 1197 3953 fideicommissarii
1224 3874 1276 3942 sui
1301 3871 1489 3945 Botonis
1516 3893 1619 3966 super
1643 3872 1737 3943 reli-

362 3973 456 4066 quias
482 3973 589 4044 suncti
614 3971 750 4068 Kylioui
776 3976 935 4070 martyris
950 3973 1074 4045 Christi
1100 3973 1283 4067 delegasse
1309 3993 1350 4043 ee
1374 3973 1510 4044 scilicet
1522 3969 1736 4064 'conditione

362 4081 397 4144 ut
430 4075 596 4145 nouerim
630 4071 774 4146 dominis
807 4072 849 4146 do
883 4062 983 4147 domo
1016 4072 1149 4147 modius
1185 4073 1284 4144 tritici
1311 4071 1352 4145 de
1379 4093 1421 4145 eu
1446 4075 1480 4145 in
1505 4071 1596 4149 festo
1624 4043 1739 4147 saneti
