3776 4730
317 433 399 512 oto
898 432 1119 516 Monumentn

321 637 453 731 obligat
478 657 539 732 per
564 642 758 732 presentes·
809 631 854 706 Et
878 663 942 738 pro
981 643 1146 714 concione
1171 635 1398 734 pignoraticia
1431 633 1556 706 iunos
1583 636 1705 702 trans·

319 737 387 809 iort
411 741 485 808 iure
500 735 708 808 hereditario
723 729 953 814 molendinum
970 764 1082 831 suum,
1107 742 1208 812 situm
1223 740 1259 810 in
1274 741 1350 833 ipsa
1364 731 1449 806 vilia
1470 729 1514 804 de
1530 751 1706 802 consensu

320 847 355 908 et
380 835 556 909 uoluntate
582 831 791 910 venerabilis
817 844 923 928 patris
950 841 1078 918 domini
1101 837 1315 912 Bertoldi
1341 833 1495 930 episcopi
1528 831 1659 920 nostri,
1686 852 1707 900 a

320 960 385 1030 quo
413 935 502 1008 idom
530 933 759 1008 molendinum
784 931 920 1014 feudum
947 953 1021 1032 est,
1055 951 1090 1014 at
1115 941 1427 1034 quocienscumque
1452 936 1487 1006 iu
1512 927 1706 1004 huiusmodi

321 1037 527 1130 solucione,
567 1039 632 1108 inm
673 1034 781 1106 dictus
816 1041 1083 1132 Heinricus,
1123 1042 1175 1112 sui
1206 1037 1354 1110 heredes
1393 1043 1450 1106 aut
1475 1049 1705 1106 successores

319 1136 539 1232 negligentes
567 1137 754 1224 extiterint,
779 1153 890 1236 Vsque
916 1141 959 1214 ad
984 1153 1116 1238 tompus
1143 1136 1255 1212 medie
1277 1133 1551 1234 quadragesime,
1578 1139 1708 1202 extunc

320 1235 471 1334 predicta
496 1237 586 1312 hona
613 1237 746 1323 omnia,
784 1263 854 1314 una
891 1263 966 1314 cunr
1004 1237 1201 1316 molandino
1236 1240 1428 1335 premisso,
1466 1231 1509 1304 ad
1541 1253 1634 1320 nos,
1670 1239 1708 1300 et

322 1337 506 1410 ecclesiam
533 1345 686 1410 nostram
711 1333 821 1413 libere
846 1353 1082 1430 reuertentur3
1115 1343 1196 1412 item
1223 1337 1313 1434 quod
1338 1340 1412 1432 ipsa
1438 1331 1529 1406 bona
1555 1329 1702 1403 indiuisa

320 1449 564 1534 permaneant,
606 1447 641 1509 et
674 1457 763 1510 unus
800 1440 964 1515 heredum
998 1461 1138 1518 suorum
1182 1443 1257 1513 siue
1291 1455 1533 1512 successorum
1561 1429 1707 1504 indiuisa

190 1536 194 1560 '
322 1547 449 1610 tantum
475 1535 674 1634 possideat,
707 1545 743 1608 et
779 1543 831 1616 sic
866 1553 1032 1640 perpetuo
1074 1541 1115 1616 ab
1151 1538 1306 1613 omnibus
1341 1539 1413 1612 suis
1449 1529 1631 1605 heredibus
1671 1541 1708 1602 ct

323 1637 586 1712 successoribus
612 1637 770 1711 uolumus
796 1641 1041 1716 inuiolabiliter
1067 1642 1255 1716 obseruari.
1307 1637 1471 1712 Preterea
1508 1629 1708 1720 notandum,

323 1741 354 1813 si
379 1760 546 1835 processu
572 1740 737 1834 temporis
765 1740 939 1838 sepefatus
964 1743 1237 1830 Heinricus,
1263 1739 1317 1812 sui
1342 1733 1513 1824 heredes,
1534 1742 1592 1805 aut
1617 1753 1706 1806 suc-

324 1859 510 1929 cessores,
535 1835 700 1934 prelibata
726 1835 841 1932 hona,
869 1863 912 1915 eo
937 1845 1034 1932 iure,
1062 1865 1128 1938 quo
1167 1851 1201 1914 et
1227 1839 1293 1936 ipsi
1316 1833 1516 1933 possident,
1549 1829 1708 1906 vendere

323 1935 508 2028 noluerint,
534 1935 633 2010 nobis
659 1937 702 2008 ad
727 1939 906 2012 emendum
934 1941 1152 2031 exhibebunt,
1179 1950 1214 2012 ct
1239 1961 1304 2020 nos
1321 1935 1530 2030 omondipre
1547 1929 1707 2005 omnibus

324 2037 401 2110 aliis
428 2034 590 2110 habemus
626 2035 814 2132 plenariam
850 2044 1067 2136 potestatem.
1120 2041 1159 2115 Si
1185 2047 1298 2112 autem
1337 2057 1455 2109 emere
1480 2032 1707 2121 noluerimus,

326 2138 525 2233 cuicumque
551 2135 763 2212 uendidcrint
788 2150 935 2234 extunc,
969 2144 1126 2240 exceptis
1159 2142 1318 2238 personis
1353 2141 1387 2210 in
1413 2141 1489 2208 iure
1512 2131 1708 2230 prohibitis,

325 2235 434 2328 illurn,
454 2237 517 2311 uel
542 2235 624 2311 illos
650 2243 935 2334 recognoscimus
963 2243 1117 2340 sepefata
1150 2241 1241 2314 bona
1273 2235 1400 2328 debere
1433 2233 1618 2332 possidere
1644 2231 1708 2304 sub

325 2339 434 2433 pactis
462 2346 497 2412 et
522 2335 779 2416 condicionibus
816 2347 1072 2439 precxprcssis.
1123 2340 1305 2416 Adiectum
1343 2347 1397 2410 est
1412 2333 1546 2426 eciam,
1572 2335 1603 2408 si
1619 2355 1708 2429 pro-

324 2440 519 2512 nominatus
543 2435 803 2534 Heinricus,
828 2445 882 2516 sui
905 2441 1077 2536 heredes,
1110 2452 1167 2519 aut
1192 2459 1419 2542 successoros
1454 2439 1487 2508 in
1514 2435 1709 2532 premissis,

325 2548 384 2612 aut
407 2535 560 2634 quolibet
581 2541 736 2636 ipsorum
763 2546 969 2616 contrarium
995 2554 1195 2642 attemptare
1211 2538 1493 2638 presumpserint,
1519 2533 1609 2630 quod
1630 2535 1707 2630 ipso
1791 2583 1793 2588 .

324 2637 417 2715 iacto
443 2663 464 2712 a
489 2641 564 2712 iure
590 2661 654 2714 suo
682 2641 815 2734 cadant,
841 2653 876 2718 et
899 2641 990 2718 bona
1016 2645 1170 2741 sepct'ata
1194 2663 1263 2716 una
1290 2663 1365 2712 cum
1398 2633 1594 2710 molendino
1620 2656 1709 2732 pre-

326 2739 417 2813 dicto
455 2737 498 2814 nd
524 2739 710 2816 ecclesiam
734 2753 912 2836 nostram,
941 2747 1034 2818 omni
1059 2741 1335 2819 contradiccicne
1361 2739 1553 2836 postposita
1578 2733 1708 2808 deuol-

325 2849 459 2926 nentur.
511 2839 558 2912 Vi
583 2850 695 2918 cotom
720 2841 872 2939 predicta
898 2849 1010 2922 omnia
1036 2855 1215 2920 eteorum
1242 2841 1378 2938 singula
1403 2837 1508 2912 robur
1540 2833 1709 2908 firmitatis

328 2937 523 3030 obtineant,
565 2933 680 3037 sigilla
719 2927 930 3027 venerabidis
974 2949 1081 3044 patris
1128 2945 1255 3020 domiui
1303 2941 1342 3016 Β.
1393 2940 1547 3038 episcopi
1584 2937 1709 3026 nostri,

326 3039 464 3136 capitrrli
489 3044 611 3132 nosui,
638 3041 801 3140 videlicet
824 3043 963 3120 Alberti
988 3045 1110 3120 decani
1134 3048 1269 3136 nostri,
1300 3055 1334 3117 et
1359 3044 1539 3142 hospitalis
1564 3037 1709 3134 predicti

325 3137 543 3237 presentibus
570 3152 648 3217 sunt
671 3167 835 3242 appensa.
888 3145 1014 3220 Actum
1040 3169 1129 3220 anno
1152 3145 1346 3223 dominino-
1364 3143 1445 3220 000·
1461 3143 1648 3233 LXX1X⁰·,
1674 3145 1711 3214 in

325 3239 446 3336 vigilio
470 3243 654 3320 natiuitatis
681 3256 800 3322 sancte
824 3245 944 3340 Mario,
970 3247 1186 3346 pontificatus
1210 3247 1337 3320 domini
1353 3245 1392 3321 Β.
1420 3247 1575 3344 episcopi
1596 3245 1710 3318 nostri

325 3365 418 3420 nnnc
441 3345 568 3440 quintu

535 3513 720 3600 Appendcnt
739 3523 867 3600 quatuor
888 3521 996 3604 stgttta.
1133 3528 1161 3541 “’

541 3625 574 3705 ¹)·
590 3625 622 3692 ln
647 3627 768 3694 charta:
790 3633 1054 3716 „emphttcatico.“
