3776 4730
583 331 586 340 ι
615 393 832 500 ⁰P55⁰⁰Pdltti
861 391 1154 498 wirtiburgensis.

821 730 938 812 enti.

643 929 734 993 Anne
759 927 989 1012 1277.,·mense
1012 931 1116 996 tloitn.
1239 935 1240 939 ’

189 1104 371 1184 Bertoldos
397 1081 650 1210 herbipolensis
678 1085 860 1218 episcopus
887 1089 939 1191 lus
968 1085 1063 1202 sdup'n
1090 1114 1133 1189 de
1160 1121 1274 1205 vinea
1301 1122 1365 1194 sita
1393 1099 1575 1194 intersa-

189 1211 301 1284 mltom
330 1213 361 1286 in
390 1213 559 1288 descensu
588 1221 711 1291 montis
741 1215 775 1290 S.
799 1217 939 1305 Mariae,
967 1230 1001 1294 et
1027 1218 1162 1293 vineam
1181 1217 1327 1290 cunradi
1357 1215 1575 1309 dictiNeuin‚

188 1335 313 1387 versus
339 1316 841 1414 monasterium'Coeliportaa,
868 1320 1039 1392 ecclesiae
1063 1317 1098 1392 S.
1114 1311 1431 1392 JacobiScotorum
1460 1320 1572 1392 tradit.

192 1487 219 1559 “,
286 1464 532 1563 [tortoldus
561 1455 613 1558 dei
642 1477 757 1586 gradio
783 1484 1034 1588 herbipolensis
1062 1493 1256 1586 episcopus.
1284 1481 1408 1562 Nolum'
1428 1466 1572 1590 labimus

189 1593 223 1656 et
260 1582 476 1680 presentibus
518 1583 559 1657 ad
597 1584 761 1662 noticiam
792 1593 1047 1662 transmittimus
1087 1587 1300 1676 futurorum,
1342 1589 1457 1684 quod,
1496 1609 1572 1665 cum

189 1681 510 1757 Mauricius...
547 1685 663 1769 altos,
687 1690 837 1761 ecclesie
873 1686 980 1764 sancti
1015 1689 1135 1762 Jacobi
1173 1686 1355 1764 Scotorum
1395 1689 1573 1784 dampnum

189 1792 435 1880 passus'esset
469 1788 503 1860 iu
530 1791 760 1860 concessione
794 1793 893 1862 unios
936 1785 1147 1884 eqoi'nobis
1184 1785 1457 1872 adcommodati,
1495 1811 1572 1860 cum

187 1885 313 1955 ireoms
341 1889 373 1956 in
387 1885 614 1982 expedicione
631 1893 843 1964 serenissimi
871 1887 997 1962 domini
1013 1891 1124 1964 nostri
1138 1884 1322 1964 Rudolii
1337 1890 1571 1962 Romanorum

187 1985 305 2076 rogis,
333 1989 479 2058 estimati
518 1985 559 2058 ad
595 1985 747 2062 valorem
790 1989 865 2062 Vlll
900 1988 1061 2061 librarum
1099 1987 1326 2076 hallensium„
1363 2011 1461 2084 quem
1500 2013 1571 2062 nou

189 2081 354 2173 echanolt,
379 2089 413 2156 in
440 2092 802 2184 recompensacionem
830 2089 935 2186 ipsios
970 2083 1102 2188 dampni
1138 2097 1172 2160 et
1198 2089 1282 2161 allas
1311 2087 1424 2162 diuine
1451 2111 1572 2160 remu-

188 2188 381 2258 neracionis
408 2187 604 2283 inteltuujus
634 2199 799 2273 nostrum,
826 2189 915 2284 (prod
942 2187 1101 2261 lrabemus
1135 2183 1176 2263 de
1203 2191 1304 2262 vinea
1331 2187 1476 2261 habente
1504 2189 1571 2260 duo

182 2283 319 2378 jugera,
347 2289 513 2358 commoni
542 2287 640 2362 uobis
664 2288 702 2360 'et
728 2289 878 2362 ecclesie
906 2291 1014 2362 sancti
1041 2285 1182 2376 iacobi„
1209 2293 1273 2361 sila
1300 2291 1389 2360 inter
1415 2293 1570 2361 semitam

187 2383 219 2454 lo
247 2383 414 2458 descensu
444 2389 567 2458 montis
595 2399 712 2469 sancte
739 2386 845 2461 blarie
873 2401 907 2460 et
934 2391 1069 2460 vineam
1097 2387 1294 2463 cunradi
1320 2387 1399 2459 dicti
1424 2385 1570 2460 Neuin

186 2485 270 2558 cluis
296 2487 417 2572 nostri,
446 2507 569 2560 versus
596 2489 838 2563 monasterium
866 2487 1120 2584 Gellportc‚
1147 2487 1189 2558 da
1228 2509 1292 2583 qua
1318 2487 1418 2562 uobis
1446 2497 1569 2581 quartu

184 2605 263 2676 pars
290 2587 388 2658 annis
416 2586 559 2682 singolis
587 2587 797 2676 soluebatur,
824 2591 1023 2659 remittimus
1064 2595 1098 2658 et
1140 2585 1257 2658 danius
1293 2591 1402 2682 ipsam
1428 2591 1570 2661 vineam

185 2683 358 2784 sepedicte
385 2685 534 2758 ecclesie
562 2688 670 2762 saneti
695 2685 814 2760 Jacobi
841 2689 1058 2788 proprietatis
1084 2684 1222 2758 nominc
1248 2695 1414 2783 perpetuo
1441 2688 1564 2784 possi-

183 2779 336 2856 dendam.
388 2785 431 2858 Et
456 2797 492 2858 ut
519 2787 583 2862 hec
608 2797 726 2862 nostra
752 2787 895 2860 donacio
930 2785 1066 2884 patefiat
1104 2783 1258 2858 omnibus
1295 2795 1330 2858 at
1367 2786 1457 2860 dicto
1484 2786 1565 2858 loco

184 2884 425 2958 inuiolabiliter
459 2898 702 2978 conseruntur,
751 2899 946 2986 presentem
983 2887 1129 2960 litteram
1167 2907 1271 2982 super
1309 2904 1350 2958 aa
1391 2883 1565 2960 conscribi

183 2979 325 3056 lecimus
364 2996 398 3057 at
434 2987 538 3080 sigilli
575 2991 683 3060 nostri
710 2991 891 3060 munimine
918 2987 1086 3062 roborari.
1129 2982 1264 3059 'Testes
1292 2995 1370 3058 sunt
1394 2985 1462 3058 bii:
1506 2985 1569 3059 ΑΙ.’

184 3089 368 3160 canonicus
395 3087 545 3159 ecclesie
581 3091 690 3160 sancti
715 3087 879 3162 lobannis
913 3092 948 3161 in
974 3081 1115 3180 naugog
1151 3083 1429 3184 prothonotarlas
1469 3089 1566 3160 curia

183 3187 314 3274 nostre,
341 3183 519 3263 Heinricus
541 3184 689 3260 Woliclt
716 3191 936 3276 communius,
963 3187 1090 3260 Arnolt
1114 3185 1221 3259 irater
1248 3209 1342 3274 suus,
1369 3185 1565 3258 houascul-

184 3292 285 3373 tetus,
311 3275 436 3358 Arnolt
463 3287 656 3376 deLlnacln
682 3292 856 3386 pincerna,
885 3287 1061 3363 Conradus
1077 3287 1119 3358 de
1142 3285 1396 3372 Sichershusim
1423 3285 1566 3382 dapifer,

184 3382 362 3456 Helnrlcus
398 3385 505 3458 dictus
547 3379 687 3476 Hurlril,
727 3391 891 3482 magister
926 3391 1051 3460 montis
1091 3383 1233 3474 ibidem,
1268 3395 1302 3458 ct
1336 3386 1393 3456 alii
1435 3385 1564 3482 plures.

182 3483 303 3557 Datum
331 3509 418 3558 anno
447 3485 571 3558 domini
598 3484 877 3578 ncctxxvss„
917 3491 951 3559 in
977 3509 1096 3562 mense
1123 3484 1261 3578 Marcii,
1294 3485 1481 3560 indictione
1508 3483 1563 3575 V.,

177 3580 396 3681 ¹pontificatus
423 3589 533 3659 nostri
560 3587 796 3660 annotarem.
1344 3593 1347 3605 '

236 3791 248 3816 “·
319 3760 321 3764 ’
395 3787 529 3872 Sigillum
553 3783 683 3848 Berleldi
706 3791 839 3870 episcopi
863 3785 1019 3871 appendet.

209 4115 260 4164 uon.
274 4115 326 4156 corr.
342 4115 383 4166 vor.
398 4113 483 4158 nuru.
499 4123 544 4168 noy.
558 4111 605 4159 cot
620 4109 643 4163 i.
674 4074 677 4086 ¹
