3774 4728
915 441 1136 540 Hectoreis

951 787 1106 864 coctu.

925 989 1016 1054 Amo
1041 983 1133 1053 iesu.

335 1179 470 1275 bingas
496 1177 750 1273 herbipolensis
775 1179 959 1274 episcopus
986 1179 1039 1248 ius
1066 1173 1307 1267 aduocatitbrm
1346 1173 1453 1247 villae
1487 1170 1723 1248 Kolteubuser

335 1279 530 1378 procedens
556 1278 597 1350 eb
624 1279 775 1352 ecclesie
801 1277 1035 1372 herbipolensi
1059 1278 1095 1347 in
1119 1271 1246 1364 inodo,
1278 1273 1369 1371 quod
1393 1275 1575 1348 Heinricus
1602 1294 1722 1346 comes

337 1381 381 1454 dc
404 1379 548 1470 Kastele
572 1383 711 1452 nomine
737 1399 802 1451 sco
828 1388 863 1449 et
887 1377 1003 1450 fratris
1030 1379 1082 1449 sui
1108 1375 1293 1448 {immonni
1318 1379 1485 1447 iummms
1501 1396 1582 1447 suas
1598 1377 1721 1467 resig-

471 1489 627 1570 naverat,
654 1480 862 1552 comerio
889 1476 1092 1551 eberacensi
1118 1474 1254 1568 corriert
1278 1477 1313 1547 in
1331 1479 1594 1572 proprietatem.

435 1649 463 1723 l.
490 1672 524 1723 n.
551 1671 580 1723 s.
608 1671 640 1720 a.
667 1652 690 1720 i.
717 1658 740 1721 t.
769 1672 800 1722 e.
850 1647 1034 1744 iringus
1061 1645 1240 1742 deigratia
1256 1645 1509 1746 herbipolensis
1525 1645 1720 1742 episcopas.

337 1749 506 1824 Nouanus
542 1751 696 1823 uniuersi
733 1747 832 1823 buius
870 1753 995 1846 pagine
1035 1750 1272 1843 inspectores,
1306 1747 1424 1843 proi,
1463 1768 1538 1818 carm
1576 1747 1723 1840 grangia

338 1848 865 1940 communicaremus,
888 1850 1279 1938 ordiniacisterciensis,
1294 1845 1723 1936 dictniiolteubusen,

338 1971 402 2048 pro
425 1952 502 2022 iure
528 1949 741 2022 aduocaticio
767 1949 854 2023 viiic
879 1948 1213 2038 Koitenbuseu,
1239 1971 1336 2044 quam
1362 1959 1443 2022 ante
1466 1947 1583 2044 plures
1609 1967 1723 2020 anuos

339 2051 465 2124 iratres
489 2049 644 2124 ciusdem
670 2053 871 2125 monasterii
896 2049 1138 2126 destruxerant
1173 2049 1214 2120 ad
1240 2073 1338 2124 suum
1364 2047 1599 2136 commodum,
1625 2055 1727 2122 esset

339 2153 423 2222 uiris
449 2148 621 2226 nobilibus
646 2150 861 2224 Heinrioo
897 2162 932 2222 et
956 2151 1208 2223 Hermanno
1236 2149 1415 2224 comitibus
1454 2149 1497 2222 de
1536 2147 1726 2222 Kastale

340 2252 438 2324 conis
464 2250 611 2344 singulis
638 2249 788 2346 obligata
813 2250 857 2323 ad
883 2251 1089 2324 solutionem
1117 2251 1258 2322 ducrum
1290 2250 1496 2324 talentorum
1534 2259 1569 2322 et
1602 2247 1725 2322 decem

340 2349 528 2425 solidorum
554 2349 770 2446 denariomrn
796 2349 1098 2448 herbipolensium,
1125 2361 1160 2423 et
1184 2350 1427 2426 Bertoldus
1453 2349 1575 2446 prefati
1595 2370 1726 2422 morra-

340 2453 437 2526 sterii
463 2449 567 2526 abbas
593 2454 701 2548 ipsam
728 2455 905 2548 grangiam
930 2451 1017 2526 datis
1043 2454 1288 2548 prenominatis
1312 2450 1492 2526 comitibus
1508 2452 1728 2546 septuaginta

340 2554 488 2648 quinque
512 2551 609 2644 iibris
636 2551 841 2628 ballensium
867 2551 909 2625 ab
935 2550 1126 2627 huiusmodi
1159 2554 1234 2624 iuro
1260 2551 1473 2626 aduocaticic
1499 2549 1725 2642 absoluisset,

340 2673 407 2726 ecs
433 2650 478 2725 bb
503 2649 723 2726 dilectionem
761 2663 796 2726 at
829 2656 1030 2728 instanciam
1069 2651 1151 2724 dicti
1178 2649 1308 2726 abbatis
1344 2661 1380 2726 et
1414 2651 1554 2725 fratrum
1582 2671 1725 2726 suorum

341 2761 377 2825 et
401 2751 447 2826 cb
469 2755 699 2826 reuerentiam
726 2763 844 2826 sancte
871 2753 926 2825 dei
952 2755 1129 2848 genitricis
1143 2749 1251 2825 Mario
1277 2752 1510 2826 uenditionem
1530 2749 1724 2826 huiusmodi

340 2855 424 2926 iuris
450 2851 664 2944 obcoecati,
690 2852 780 2949 quod
805 2877 826 2925 a
850 2875 951 2926 mauu
977 2863 1096 2926 nostra
1122 2856 1294 2948 processit
1320 2856 1355 2926 in
1379 2851 1505 2944 feodo,
1530 2862 1662 2946 gratam
1688 2859 1725 2925 et

338 2960 448 3024 ratem
470 2949 636 3025 babentes
663 2951 706 3026 de
733 2975 907 3027 consensu
932 2965 968 3024 et
991 2953 1081 3028 boue
1106 2953 1282 3026 uoluntate
1312 2953 1452 3049 capituli
1483 2955 1594 3028 nasci
1632 2950 1725 3026 idem

340 3055 407 3142 ius,
432 3049 523 3148 queri
547 3051 790 3130 Heinricus
828 3075 947 3126 cemes
973 3053 1016 3126 da
1036 3053 1263 3145 ,Kasteie‚
1299 3053 1407 3128 irater
1432 3057 1552 3128 senior
1584 3055 1727 3126 nomine

340 3172 405 3226 suo
427 3164 465 3225 et
487 3151 604 3225 iratris
628 3156 683 3225 aui
708 3153 964 3244 normanni,
989 3158 1024 3226 in
1050 3175 1170 3227 monus
1195 3163 1333 3228 nostras
1359 3173 1475 3228 ocrem
1498 3157 1577 3252 ipso
1599 3163 1726 3228 nostre

341 3253 489 3349 crpitulo
515 3255 716 3347 resignano,
743 3254 907 3328 dommus
924 3265 959 3327 ct
970 3254 1207 3328 transierimus
1224 3257 1513 3350 improprietatem
1528 3265 1565 3328 et
1579 3253 1727 3328 liberem

338 3357 602 3450 passessionem
628 3359 828 3430 monasterii
841 3359 1031 3428 memorati.
1082 3353 1121 3428 lu
1146 3357 1242 3428 cuius
1257 3358 1309 3428 rei
1323 3358 1553 3429 testimonium
1570 3353 1726 3428 debiam

340 3475 489 3552 precem
516 3457 677 3549 scriptum
703 3456 897 3551 sigillonem
922 3458 1032 3530 nostri
1057 3462 1094 3528 et
1130 3453 1267 3552 capiuli
1293 3459 1404 3530 nostri
1429 3457 1613 3529 munimine
1639 3454 1725 3528 dili-

340 3557 479 3649 gentius
504 3553 714 3629 roboratum.
768 3557 894 3630 Testes
921 3567 1021 3630 sunt:
1056 3553 1235 3630 Gouraios
1269 3555 1311 3628 de
1335 3554 1582 3650 Eukersberge
1608 3555 1725 3628 celie-

341 3659 473 3746 remus,
508 3655 690 3752 &cretius
727 3655 770 3729 (ie
795 3657 984 3731 Luterberc
1006 3667 1147 3748 cantor,
1182 3656 1411 3750 Meregoldus
1436 3657 1479 3730 de
1504 3655 1726 3730 Nuweuburc

340 3757 945 3932 tttttttt'ttttitt
966 3755 1420 3934 ‘'igitebffldibbi
1449 3755 1727 3932 tuitii

552 3943 558 3952 .
820 3912 831 3949 t
1433 3912 1445 3949 2

341 3955 507 4032 Rodense
548 3967 584 4030 et
618 3957 833 4032 Hermanuus
875 3959 917 4030 de
952 3956 1147 4048 withero,
1187 3960 1343 4031 canonici
1382 3961 1522 4034 maioris
1560 3957 1726 4050 ecclesie,

341 4053 524 4160 treuge
552 4067 587 4149 et
612 4057 964 4151 Hermeunusiretres
982 4061 1125 4154 comites
1153 4055 1447 4162 dettecueebere,
1474 4057 1725 4142 Wolirommas
