3776 4730
324 453 396 556 ddd
746 545 751 552 .
905 448 1124 555 dlonumenla

324 693 521 778 poteramus
548 677 762 756 vendicionis
789 692 946 779 tempore
971 685 1177 779 impetrare‚
1214 683 1324 778 ipsum
1359 677 1446 756 inira
1474 689 1543 760 tres
1569 705 1708 757 menses

324 786 505 878 proximos
531 794 610 876 post
636 785 709 854 cius
737 788 954 857 creacionem
980 783 1234 880 impetrabimus
1270 795 1303 855 et
1334 786 1375 856 art
1411 785 1477 858 hoc
1509 809 1573 858 nos
1601 790 1709 857 eciam

323 882 541 978 presentibus
570 882 772 973 obligamus.
825 886 861 957 ln
889 887 984 957 ouius
1010 887 1062 955 rei
1078 886 1276 956 memoriam
1301 895 1335 955 et
1351 885 1498 959 debitam
1519 883 1709 958 firmitatem

325 981 442 1053 damus
482 986 514 1053 ei
547 983 607 1055 has
634 981 766 1058 litteras
807 985 912 1080 sigilli
947 995 1067 1058 nostre
1109 985 1261 1058 ecclesie
1295 989 1476 1058 munimine
1516 985 1708 1058 roboratas,

323 1083 446 1153 Datum
475 1093 508 1153 et
535 1093 645 1154 actum
671 1081 848 1179 Herbipoli
889 1087 923 1154 in
962 1085 1109 1180 capitulo
1143 1095 1263 1156 nostre
1291 1087 1441 1160 ecclesie
1468 1107 1557 1158 anno
1585 1085 1710 1158 domini

324 1180 546 1276 licebitl,
585 1182 661 1254 XV.
699 1182 864 1258 halendas
897 1183 976 1256 Julii
1015 1185 1233 1279 presentibus
1272 1191 1401 1260 nostris
1419 1241 1451 1258 ..
1481 1186 1709 1260 confratribus

324 1279 487 1354 uidelicet
514 1281 671 1354 Conrado
699 1283 741 1354 de
769 1283 922 1358 Telheim
951 1295 1116 1376 cantore,
1142 1285 1288 1358 Alberto
1317 1286 1358 1358 de
1383 1285 1566 1380 Lcdeburg
1592 1287 1710 1360 archi-

326 1379 491 1471 diacono,
523 1381 719 1455 Hermanno
748 1383 790 1456 de
818 1383 1032 1479 Sterenberg
1058 1383 1319 1476 archidiaconoa
1359 1387 1441 1460 Her.
1469 1385 1512 1460 de
1536 1387 1711 1483 Wilperg‚

324 1479 501 1552 Friderico
528 1479 570 1554 de
595 1480 808 1578 Hebenburg
831 1487 1042 1580 portenario,
1069 1483 1267 1558 Wernhero
1295 1485 1336 1560 de
1364 1485 1607 1582 Tannenberg,
1632 1485 1710 1560 llu-

326 1579 421 1654 dollo
450 1579 492 1652 dc
519 1579 726 1658 Vssenhehn
754 1596 788 1658 et
814 1585 891 1660 aliis
918 1607 1016 1678 quam
1042 1583 1206 1680 pluribus.

534 1779 581 1845 Ex
612 1788 813 1862 transsumto,
852 1783 933 1866 quod
963 1783 1083 1866 Judices
1121 1793 1244 1849 sanctae
1284 1792 1476 1872 moguntinae
1509 1787 1591 1851 sedis
1633 1807 1712 1850 arruu

535 1866 766 1948 mcccxxvu„
786 1868 875 1934 XVll.
897 1869 1042 1939 kalendas
1064 1869 1219 1936 Februarii
1242 1872 1388 1938 l'ecerant.

915 2311 1139 2397 ccclxxx.

823 2523 911 2588 nano
936 2517 1040 2604 1270„
1065 2511 1113 2589 rt.
1136 2519 1223 2587 nnn.

331 2717 519 2825 Capitulum
559 2721 813 2822 herbipolensis
855 2725 1027 2799 ecclesiae
1062 2723 1193 2800 civibus
1235 2725 1269 2794 in
1307 2723 1517 2820 lngelnheim
1560 2723 1713 2798 inferiori

329 2831 472 2920 nuntiat,
498 2825 587 2922 quod
613 2825 703 2900 bona
730 2849 791 2898 sua
817 2824 941 2898 ibidem
967 2823 1169 2916 Walthero,
1204 2823 1333 2897 decano
1362 2825 1534 2898 ecclesiae
1562 2825 1598 2897 S.
1628 2825 1713 2897 Ste-

329 2927 431 3024 phani
456 2929 729 3021 moguntinensis
745 2923 908 3016 vendidit,
935 2935 969 2996 et
982 2923 1190 2996 Gerbardum
1207 2927 1407 2996 canonicum
1420 2927 1713 2998 novimonasterii

330 3037 589 3122 procuratorem
616 3027 809 3114 constituit,
836 3035 872 3095 ut
898 3027 971 3120 ipse
997 3023 1087 3096 bona
1113 3027 1146 3095 in
1171 3023 1383 3119 ingelnheim
1410 3047 1524 3097 coram
1566 3023 1713 3097 sculteto

333 3135 368 3200 et
391 3124 540 3202 scabinis
555 3129 694 3198 nomine
711 3147 774 3198 suo
791 3127 955 3294 raeigneb
971 3135 1006 3195 et
1031 3125 1214 3198 transierat
1240 3129 1273 3197 in
1299 3124 1485 3222 predictum
1498 3115 1714 3197 Wdltherunr

959 3247 1111 3298 ecanum.

432 3395 674 3470 Bertoldus
712 3393 755 3466 de
794 3393 1078 3490 Sterenberg
1117 3395 1289 3485 decanuse
1332 3393 1630 3489 Manegoldus
1672 3394 1714 3467 de

333 3495 623 3590 Nuwenburg
648 3499 841 3592 prepositus
870 3497 1021 3568 ecclesie
1049 3499 1157 3568 sancti
1184 3495 1348 3568 iohannis
1375 3499 1407 3567 in
1434 3496 1575 3589 llouge,
1610 3493 1714 3568 Otto

335 3597 378 3668 de
404 3595 638 3690 Lodeburg
665 3605 782 3668 custos
819 3605 1031 3690 totumque..
1061 3596 1239 3692 capitulum
1278 3591 1530 3691 herbipolensis
1564 3596 1715 3667 ecclesie

334 3696 544 3769 honorandis
570 3699 654 3770 viris
682 3706 717 3768 et
743 3699 878 3766 sincere
905 3696 1089 3767 dilectis..
1117 3695 1263 3767 sculteto
1292 3707 1326 3766 et
1343 3749 1375 3765 ..
1404 3695 1554 3769 scabinis
1580 3705 1615 3766 et
1631 3700 1715 3767 vni-

335 3801 448 3870 uersis
476 3795 604 3870 ciuibus
631 3801 665 3868 in
689 3793 978 3887 ingelnheim
1006 3797 1221 3867 inl‘eriori
1262 3805 1297 3866 et
1333 3799 1505 3868 uniuersis
1532 3805 1716 3890 presentes

335 3895 468 3968 litteras
494 3898 697 3991 inspecturis
736 3893 878 3966 salutern
917 3915 992 3964 cnm
1027 3895 1234 3988 plenitudine
1260 3899 1370 3967 omnis
1396 3894 1487 3966 boni.
1540 3893 1623 3965 Cum
1650 3917 1716 3969 nos

334 4006 477 4091 propter
502 4005 668 4089 urgentes
695 3995 953 4083 rreccessitates,
980 4013 1044 4088 «pre
1070 4016 1136 4067 nos
1163 4005 1197 4066 et
1222 4005 1374 4069 nostram
1392 3995 1574 4070 ecclesiam
1594 3999 1716 4091 oppri-

336 4093 494 4190 mebant,
530 4099 692 4171 vniuersa
729 4092 818 4166 bona
852 4103 970 4167 nostro
1007 4097 1037 4164 in
1073 4091 1349 4187 ingelnheim
1378 4095 1595 4170 inleriori
1629 4095 1717 4196 apud
