3768 4728
329 535 402 608 268
902 532 1120 604 Monumenta

329 733 468 830 quilibet
493 732 591 803 altari
616 734 650 802 in
676 729 756 803 loco
785 731 987 806 deseruiens
1014 732 1184 828 sepefato,
1211 729 1329 804 diebus
1356 729 1501 825 singuiis
1528 731 1709 803 matutinas
1816 801 1822 815 ,

328 833 451 906 debeat
477 842 512 904 et
538 831 623 904 alias
648 830 752 904 horas
780 835 963 905 canonicas
990 830 1185 926 decantare,
1212 835 1299 905 siout
1325 833 1414 903 enim
1442 831 1562 902 altario
1580 829 1708 903 deser-

327 937 426 1007 uiens
453 931 496 1004 de
522 931 643 1003 altario
670 935 789 1004 uiuere
818 942 872 1006 est
896 935 1105 1028 permissus,
1140 935 1186 1003 ita
1225 931 1267 1003 de
1292 931 1409 1003 altaris
1433 929 1513 1003 doie
1539 933 1710 1020 uiuentes,

328 1031 418 1128 quod
457 1030 584 1105 habent
618 1031 661 1103 de
687 1032 810 1122 altari,
849 1041 1007 1103 tenentur
1044 1031 1245 1126 stipendium
1279 1030 1466 1103 desernire.
1518 1030 1564 1102 Vt
1598 1040 1710 1101 autem

328 1133 526 1206 alienationi
552 1131 718 1204 dictomm
742 1130 910 1204 honorum
936 1130 1049 1202 debita
1073 1131 1250 1203 videretur
1275 1129 1504 1203 sollicitudine
1517 1133 1711 1225 precaueri,

327 1235 498 1330 prenotati
524 1232 712 1306 collatores
739 1230 901 1321 decanus,
926 1242 1057 1322 cantor,
1084 1231 1246 1306 custodes
1274 1241 1308 1302 et
1322 1234 1539 1326 portenarins
1558 1229 1712 1301 ecclesie

327 1343 448 1407 nostre
475 1355 516 1404 aa
541 1335 577 1404 in
602 1354 697 1406 suam
722 1341 927 1427 potestatem
952 1333 1109 1426 recipere
1123 1341 1360 1428 procurarunt,
1386 1329 1558 1404 sacerdoti
1580 1333 1614 1400 iu
1629 1329 1711 1400 loco

329 1432 486 1530 sepefato
513 1430 702 1504 celebranti
728 1429 913 1504 secundum
939 1440 1151 1528 pretaxatnm
1182 1430 1335 1504 ordinem
1366 1427 1559 1502 obtinenda.
1610 1429 1710 1502 Etsi
1786 1495 1800 1529 ,

329 1531 462 1628 quando
488 1531 676 1629 predictum
701 1534 811 1604 sancti
835 1531 1076 1604 Panihalconis
1103 1531 1211 1604 altare
1238 1529 1418 1604 sacerdote
1445 1532 1611 1620 caruerit,
1644 1531 1712 1600 iam

330 1633 410 1704 dicti
436 1631 562 1704 domiui
587 1631 719 1728 prefata
744 1628 835 1704 bona
859 1629 1004 1706 fideliter
1030 1629 1282 1703 consemabunt
1307 1628 1499 1721 sacerdoti,
1525 1632 1581 1725 qui
1605 1631 1712 1700 insti-

329 1743 420 1805 tutus
446 1731 550 1804 luerit
574 1729 791 1825 assignanda.
843 1730 889 1802 Vt
913 1741 1025 1802 autem
1051 1753 1154 1826 snper
1177 1733 1356 1827 premissis
1390 1729 1475 1802 ordo
1510 1738 1711 1825 prenotatus

329 1853 498 1926 nunquam
524 1835 760 1927 inposterum
786 1834 980 1920 inmutetur,
1004 1841 1201 1926 presentem
1226 1830 1305 1904 inde
1344 1833 1502 1924 paginam
1540 1826 1712 1902 conscribi

329 1932 473 2008 fecimus
500 1941 536 2002 et
560 1933 670 2005 nostri
696 1930 803 2023 sigilli
819 1933 1001 2002 munimine
1026 1929 1193 2002 roborari.
1246 1932 1394 2004 Testes:
1420 1929 1600 2001 Heinricus
1622 1950 1713 2022 por-

330 2033 471 2123 tenaris,
496 2030 718 2121 Waltharus,
743 2031 956 2102 Hermannus
982 2028 1071 2102 iilius
1097 2029 1308 2120 Reinwardi,
1334 2027 1511 2104 Conradns
1549 2039 1584 2101 et
1617 2028 1713 2100 Bur-

331 2131 475 2206 chardus
501 2131 609 2204 irater
644 2152 746 2221 suus,
786 2129 992 2203 Berirtoldus
1032 2130 1205 2219 Huseien,
1241 2129 1320 2204 Otto
1352 2128 1525 2216 lilerhart,
1565 2128 1712 2226 Symon,

330 2227 525 2328 Ripartus,
556 2230 806 2321 Burchelinus,
846 2228 1010 2320 Siiridus,
1050 2229 1113 2301 lle⁸
1139 2233 1231 2303 ricus
1275 2239 1310 2302 et
1347 2229 1405 2300 alii
1445 2251 1544 2324 quam
1581 2230 1712 2325 plures.

330 2336 455 2405 Actum
481 2352 570 2404 anuo
596 2333 839 2404 incarnationis
866 2327 993 2402 domini
1018 2328 1077 2402 iio·
1130 2329 1183 2401 00·
1202 2327 1405 2418 xxxidie,
1430 2339 1598 2423 regnante
1624 2329 1713 2423 glo-

332 2436 429 2506 rioso
455 2433 687 2504 Romanorum
712 2433 920 2527 imperatore
955 2429 1130 2502 Friderico
1167 2439 1202 2500 et
1234 2429 1351 2500 inclito
1388 2427 1459 2501 lilio
1485 2451 1549 2504 suo
1575 2427 1714 2502 Roma-

331 2554 452 2607 norum
477 2555 565 2626 rege
589 2530 773 2624 Heinrico,
807 2530 1002 2602 Hermanno
1035 2528 1078 2602 de
1113 2523 1290 2602 leehvrc
1317 2531 1481 2624 episcopo
1507 2529 1715 2602 Wirceburc

330 2631 537 2728 presidente.

542 2829 679 2914 Sigillum
701 2829 820 2912 capituli
842 2834 1023 2911 impressum
1045 2827 1140 2891 adest.

546 2930 571 3006 ¹)
588 2929 647 2994 'llic
669 2936 700 2993 in
720 2929 881 3011 diplomate
904 2931 1011 2993 lacuna
1034 2947 1112 2994 uuae
1134 2937 1164 2991 et
1186 2928 1325 2992 dimidiae
1346 2927 1411 2990 iere
1433 2931 1533 2992 lineae
1554 2935 1609 2992 est.

946 3349 1105 3421 ccxiv.

659 3549 746 3612 Anno
773 3545 874 3628 1235,
898 3546 948 3612 24.
971 3547 1136 3626 Februarii,
1160 3546 1238 3628 apud
1261 3546 1385 3628 Spicum.

431 3733 611 3809 Heinricus
653 3731 726 3806 Vll.
761 3735 992 3808 Romanorum
1032 3755 1097 3805 rex
1135 3730 1352 3804 donationem
1402 3735 1508 3828 partie
1550 3751 1635 3803 suae
1680 3735 1715 3802 in

334 3833 726 4009 fflmssalwmg'
763 3835 934 3908 ecclesiae
960 3831 1193 3928 herbipolensi
1219 3831 1301 3904 olim
1325 3831 1474 3923 factam,
1511 3833 1654 3903 innovat
1680 3843 1716 3903 et

540 4131 657 4196 Editum
679 4138 711 4195 in
733 4131 812 4196 lion.
835 4129 915 4194 Boio.
961 4129 1024 4192 Vei.
1048 4128 1152 4193 xxxi.
1180 4131 1256 4195 Part.
1279 4135 1300 4195 i.
