3768 4728
318 431 398 506 256
902 390 1119 504 tionumenta

324 643 460 722 nostro,
485 641 522 702 nt
547 653 622 704 cum
639 629 781 718 denarii,
808 643 895 724 qrros
911 629 1070 722 diximus,
1096 626 1234 700 collecti
1245 623 1372 702 inerint
1396 623 1439 716 ad
1451 626 1566 698 locum
1579 623 1702 698 deter-

325 737 485 805 minatum
511 753 574 825 per
599 735 709 827 ipsum
722 728 911 820 deserendi,
938 734 969 805 si
992 753 1056 828 per
1071 749 1256 822 gwerram,
1281 749 1347 823 que
1361 725 1505 800 fortisan
1524 726 1703 819 ingruerit,

325 855 387 929 per
409 827 623 905 sterilitatem
651 832 816 928 temporis
853 842 910 904 ant
944 853 1006 927 per
1038 829 1140 902 alium
1177 849 1421 924 quemcumque
1453 825 1610 916 modum,
1646 827 1705 920 qui

324 934 497 1026 legitimus
522 931 745 1022 indicabitur,
782 928 888 1003 dictus
924 929 962 1002 0.
987 929 1124 1026 aliquod
1149 933 1346 1004 sustinuerit
1380 926 1577 1025 dampnum,
1614 923 1705 1020 quod

326 1033 424 1124 absit,
449 1055 514 1106 nos
540 1043 597 1104 ant
623 1031 814 1104 confratres
839 1033 969 1124 nostri,
1008 1035 1039 1106 si
1073 1042 1228 1126 tempore
1255 1032 1515 1125 computationis
1542 1025 1704 1100 absentes

324 1135 501 1222 fuerimus,
529 1133 640 1206 eidem
666 1134 817 1226 graciam
841 1131 959 1204 facere
985 1131 1160 1220 debemus,
1187 1131 1330 1228 dampno
1358 1153 1435 1220 suo,
1462 1133 1493 1202 si
1518 1127 1706 1220 legitimum

325 1235 438 1324 luerit,
464 1243 669 1330 computato.
721 1231 776 1305 Ad
800 1231 865 1303 hec
891 1234 1003 1305 omnia
1030 1235 1266 1306 concessimus
1293 1229 1359 1306 sibi
1384 1227 1613 1302 molendinum
1627 1236 1708 1322 aput

329 1333 567 1424 Stocbeim,
596 1337 691 1406 cuius
717 1343 906 1428 proventus
931 1332 1049 1407 usibus
1076 1336 1147 1405 suis
1174 1331 1296 1406 cedent
1329 1329 1372 1402 ad
1399 1333 1579 1403 terminum
1604 1349 1708 1423 supra

330 1438 501 1530 scriptum.
551 1434 696 1530 Insuper
720 1433 811 1506 dicto
840 1431 879 1504 0.
907 1432 1146 1524 concedimus,
1184 1445 1221 1505 ut
1244 1434 1375 1505 lucrum
1402 1453 1526 1521 omne,
1561 1426 1652 1525 quod
1676 1426 1708 1498 V

329 1534 460 1609 solidos
485 1557 555 1608 non
582 1534 730 1624 excedit,
756 1537 899 1629 recipiat
924 1533 965 1606 ed
990 1555 1073 1608 usus
1100 1557 1195 1608 suos.
1235 1533 1274 1608 Si
1299 1532 1432 1628 quidem
1449 1543 1561 1604 autem
1575 1529 1707 1602 lucrum

327 1635 359 1708 V
385 1635 517 1710 solidos
544 1638 750 1722 exercuerit,
776 1632 896 1708 vsibns
921 1637 1051 1709 nostris
1078 1635 1196 1727 cedet,
1222 1633 1384 1708 videlicet
1416 1632 1459 1704 ud
1493 1631 1709 1708 solucionem

328 1739 521 1832 pignorum,
546 1739 687 1831 proniso
715 1733 924 1827 diligentius,
949 1758 993 1807 ne
1018 1735 1149 1808 lucrum
1169 1737 1277 1808 mains
1291 1745 1433 1830 propter
1447 1733 1710 1805 diminucionern

329 1841 403 1908 siue
430 1836 628 1915 summulam
668 1833 732 1908 sibi
769 1833 960 1930 deputatam
984 1858 1047 1930 per
1083 1839 1191 1932 ipsum
1226 1834 1467 1932 aliquomodo
1494 1833 1708 1906 diminuatur.

329 1937 625 2030 Recognoscimus
653 1939 766 2025 etiam,
793 1934 884 2030 quod
911 1939 1023 2008 omnia
1050 1939 1278 2032 suprascripte
1302 1937 1478 2032 posuimus
1504 1937 1540 2006 in
1555 1929 1709 2006 menibus

330 2032 526 2110 Cdnradi
553 2047 588 2108 ot
614 2034 801 2108 Ottonis
828 2035 871 2107 de
896 2033 1162 2128 Luterberc,
1188 2035 1395 2110 contratrum
1420 2045 1639 2124 nostrorum,
1674 2041 1710 2103 et

331 2139 486 2230 magistri
510 2134 776 2227 Eberhardi,
802 2147 840 2208 vt
866 2159 908 2207 ea
936 2135 1001 2210 sibi
1024 2133 1106 2210 loco
1132 2147 1168 2210 et
1190 2149 1357 2234 tempore,
1384 2139 1578 2213 sinecesse
1595 2133 1711 2222 luerit,

324 2235 476 2309 debeant
502 2241 667 2332 optinere.
719 2235 813 2310 ldem
839 2239 940 2310 etiem
966 2235 1005 2310 0.
1032 2259 1095 2332 pro
1110 2237 1258 2312 denariis
1281 2241 1474 2335 promissis,
1497 2233 1710 2332 temporibus

331 2340 433 2410 certis
460 2336 597 2428 dandis,
617 2335 709 2422 dedit
721 2335 957 2429 fideiussores,
982 2337 1165 2412 uidelicet:
1192 2336 1710 2412 ilnnradnmetOttonem

330 2439 373 2510 dc
405 2436 673 2528 Luterberc,
705 2437 1020 2512 Hartmunnum
1062 2438 1104 2512 de
1135 2438 1378 2536 Wiltperc,
1419 2437 1621 2512 Ottonem
1666 2433 1710 2508 de

329 2537 594 2634 Kirchperc,
620 2542 807 2613 canonicos
833 2542 973 2614 maioris
1000 2538 1163 2623 ecclesie,
1189 2543 1387 2634 magistrum
1409 2536 1711 2614 Eberhardnm

330 2643 530 2714 canonicum
553 2641 635 2712 noui
660 2643 886 2728 monasterii,
923 2637 1253 2712 Theodericum
1290 2651 1326 2714 ct
1359 2639 1633 2734 Hartungnm
1668 2637 1711 2710 de
1797 2689 1802 2703 .

329 2738 645 2812 illeilriehstat
679 2742 785 2814 ciues.
838 2740 927 2830 Qui,
965 2742 995 2814 si
1032 2743 1185 2814 terminis
1211 2739 1377 2838 deputatis
1415 2744 1560 2836 pecnnia
1597 2737 1710 2813 solnta

330 2863 400 2912 non
424 2839 539 2931 luerit,
565 2842 721 2911 canonici
746 2838 890 2936 predicti
922 2843 956 2912 in
993 2840 1144 2914 clanstro
1177 2844 1329 2937 ipsorum
1365 2851 1401 2914 et
1425 2841 1484 2914 alii
1508 2842 1710 2936 abicumque

325 2939 482 3012 decanus
510 2942 562 3012 eis
588 2941 837 3032 ossignanerit,
874 2963 915 3014 se
939 2941 1126 3036 recipient,
1162 2941 1240 3016 inde
1279 2965 1349 3015 non
1386 2944 1531 3033 eximri,
1564 2943 1632 3015 nisi
1667 2939 1710 3012 de

332 3039 477 3111 licencia
501 3041 609 3135 ipsius
635 3038 755 3114 decani
780 3050 837 3112 aut
861 3044 1005 3136 pecunia
1029 3039 1206 3137 persoluta
1238 3053 1274 3116 et
1296 3039 1410 3115 villa
1445 3041 1502 3116 die
1527 3051 1606 3139 post
1630 3051 1709 3113 ter·

332 3143 456 3214 minum
482 3161 522 3214 se
547 3141 723 3235 recipient.
773 3139 818 3214 Et
855 3150 892 3212 nt
927 3143 994 3216 iste
1031 3152 1225 3217 connectas
1265 3142 1421 3218 omnibus
1464 3143 1638 3216 elucescat
1675 3151 1710 3213 et

329 3237 444 3314 lirmns
470 3239 649 3335 utrobique
674 3241 790 3314 valeat
828 3239 1048 3334 observari,
1065 3254 1261 3340 presentem
1286 3244 1421 3316 literam
1459 3243 1522 3316 sibi
1557 3261 1709 3317 conces·

331 3345 449 3432 simus,
475 3340 599 3436 sigillis
623 3350 745 3415 nostro
771 3351 807 3414 et
832 3341 984 3418 ecclesie
1008 3355 1128 3417 nostre
1154 3344 1294 3417 tirmiter
1320 3348 1566 3418 communitum.
1604 3343 1709 3415 liuius

330 3440 411 3514 iacti
436 3451 546 3518 testes
572 3450 668 3516 sunt:
704 3439 743 3514 0.
770 3444 989 3539 prepositus,
1014 3443 1059 3516 A.
1087 3443 1257 3537 decanus,
1281 3444 1323 3519 ll.
1353 3457 1493 3536 custos,
1518 3445 1559 3518 ld
1586 3453 1710 3542 porte·-

331 3545 459 3634 nerius,
481 3544 646 3638 magister
671 3539 871 3617 Waltherus
898 3541 941 3615 de
968 3545 1213 3638 Tannenbcrc,
1240 3543 1280 3618 G.
1306 3545 1517 3640 liisilingus,
1544 3547 1710 3640 magister

330 3642 544 3716 Hermannns
570 3645 739 3739 scriptor,
772 3641 811 3716 Ο.
837 3641 1003 3740 plebanus
1029 3645 1072 3718 de
1096 3645 1314 3742 Meiningen,
1338 3647 1519 3721 Heinricus
1543 3647 1710 3732 notarius,

333 3741 465 3818 Zobelo
500 3741 612 3820 miles.
670 3744 795 3817 Actum
829 3765 919 3819 anno
956 3745 1083 3820 domiui
1107 3744 1166 3822 ΜΟ·
1189 3745 1271 3820 00⁰·
1292 3747 1416 3820 XXX0·
1461 3751 1589 3838 tcru'o,
1621 3739 1709 3820 Xlll.

333 3841 497 3922 kalendas
521 3843 711 3938 Februarii,
735 3843 921 3920 indictione
946 3844 1003 3920 Vl.

543 3977 679 4066 Sigillum
706 3979 867 4046 liermemu
895 3984 1030 4066 episcopi
1059 3987 1162 4067 perlit,
1190 3981 1281 4067 sigilli
1308 3985 1458 4048 ecclesiae
1483 3981 1711 4068 herbipolensis,

546 4083 587 4134 ex
605 4064 752 4151 particula
772 4067 962 4136 menbranae
983 4069 1188 4154 appendente,
1209 4085 1280 4152 pars
1301 4074 1414 4138 adnutu
1433 4075 1583 4154 superest.
