3774 4728
590 499 807 593 episcopatus
833 497 1129 592 wirziburgensis.

792 803 925 877 CCXV.
1047 894 1049 897 Ι

634 1000 723 1064 Anno
749 997 858 1082 1228,
886 997 932 1062 13.
957 999 1076 1082 Aprilis.

163 1185 240 1260 Otto
269 1207 387 1260 comes
416 1183 458 1258 dc
484 1182 706 1258 lliltenburch
733 1205 879 1256 unacum
903 1206 1014 1258 uxore
1041 1205 1102 1256 sua
1126 1181 1319 1258 Adelheida
1346 1198 1381 1259 et
1398 1185 1547 1262 filiosuo

163 1286 310 1360 Alberto
337 1297 485 1360 castrum
525 1305 621 1359 suurn
656 1282 918 1354 haereditarium
958 1293 992 1356 et
1024 1286 1198 1379 proprium
1224 1285 1445 1359 lliltenburch
1471 1311 1547 1361 cum

162 1390 252 1460 omni
279 1389 355 1458 iure
381 1397 416 1458 ct
439 1385 540 1458 bonis
567 1381 799 1468 attinentibus,
825 1383 920 1456 villis
936 1381 1252 1457 videlicetinierius
1269 1385 1390 1482 Elspe,
1415 1387 1546 1461 Alton-

159 1486 285 1576 uelde,
310 1483 607 1573 Diezenwinden,
633 1481 908 1573 Vranlrenhei'm,
943 1482 1118 1573 Sachscu,
1146 1482 1371 1575 Swarabach,
1406 1490 1547 1584 insuper

159 1583 249 1658 bona
276 1607 339 1657 sua
364 1589 398 1658 in
423 1583 555 1676 Husen,
579 1581 692 1671 Rode,
717 1581 907 1672 Northeim,
932 1581 1110 1654 Berchoch
1126 1583 1342 1677 dominicale,
1369 1583 1546 1660 suntheim

161 1685 379 1776 dominicale,
404 1683 558 1758 lloldere
585 1681 801 1772 dominicale,
827 1681 1012 1754 Obersuclt
1037 1703 1113 1753 cum
1139 1683 1354 1776 hominibus,
1381 1687 1545 1780 agricolis

162 1797 196 1858 et
219 1807 380 1876 nemore,
407 1784 496 1880 quod
521 1785 621 1857 lione
647 1791 804 1954 vooptup,
829 1781 1025 1953 Herpanno
1054 1783 1218 1880 episcopo
1244 1783 1478 1882 herbipolensi
1511 1791 1546 1859 in

727 1903 848 1953 euum
876 1892 986 1954 cert.

260 2039 394 2132 „liuius
410 2039 462 2110 rei
478 2047 586 2110 testes
603 2045 701 2112 sunt:
729 2035 808 2110 Otto
820 2039 960 2108 maioris
975 2035 1127 2110 ecclesie
1144 2041 1353 2134 prepositus,
1367 2039 1544 2116 Arnoldus

160 2141 332 2230 decanus,
367 2137 537 2210 Henricus
574 2147 715 2225 custos,
750 2135 917 2208 Albertus
958 2135 1000 2208 de
1035 2135 1234 2209 Zabelstein
1268 2137 1469 2212 cellerarius
1508 2152 1544 2214 et

159 2239 338 2314 Arneldus
364 2237 471 2310 irater
498 2259 593 2326 suus,
618 2235 782 2310 Alhertus
799 2235 842 2308 de
854 2235 1073 2326 Walthusen,
1098 2237 1318 2332 Marquardus
1335 2237 1544 2332 dellastele,
1668 2319 1671 2325 ,

146 2321 336 2414 ’01111αά13
364 2349 399 2410 et
424 2336 503 2408 Otto
531 2335 573 2408 de
598 2333 818 2426 butterberc,
849 2336 1078 2410 Hartmannus
1106 2336 1148 2408 de
1174 2335 1365 2432 Wiltperc,
1388 2343 1543 2412 cononici

157 2443 299 2514 maioris
335 2437 488 2510 ecclesie
522 2433 799 2531 herbipolensis,
834 2431 996 2514 hibertus
1032 2438 1200 2532 scriptor,
1237 2440 1422 2510 canonicus
1461 2443 1543 2514 noui

156 2541 369 2627 monasterii,
395 2558 513 2610 comes
540 2534 618 2607 Otto
646 2535 688 2606 de
712 2533 965 2625 Botenlovbeu,
991 2533 1155 2608 Albertus
1182 2535 1224 2606 do
1239 2535 1345 2626 Ense,
1371 2537 1540 2612 hienricus

157 2639 198 2712 de
223 2639 454 2732 Wasungen,
482 2635 704 2708 -Hermamrus
731 2631 773 2706 de
798 2633 1055 2724 Windesbach3
1091 2635 1332 2708 ministeriales
1367 2635 1539 2714 ecclesie:

156 2740 329 2814 ilenricus
354 2735 564 2812 marscalcus
592 2735 634 2808 de
659 2733 774 2824 bure,
811 2733 1004 2808 Gunthcrus
1040 2733 1082 2808 de
1117 2734 1274 2826 Brende,
1309 2735 1478 2812 Hernicus
1507 2747 1541 2812 et

157 2836 353 2912 llertwicus
380 2837 568 2931 coquinarii
593 2837 703 2930 regis,
729 2832 924 2908 Gotciridus
950 2833 1138 2928 Betelmau‚
1162 2833 1329 2910 Albertus
1346 2835 1476 2934 dapifer
1496 2835 1539 2910 de

158 2937 418 3026 Witolsbusen,
446 2932 621 3008 Cbnradus
650 2933 870 3028 Sweigerer3
898 2931 1078 3008 castellani
1104 2936 1258 3008 comitis:
1295 2933 1471 3010 Odnradus
1498 2935 1540 3012 de

161 3037 359 3128 Suaneuelt,
383 3033 549 3108 Albertus
565 3033 606 3106 de
619 3033 875 3125 Heriolthuseu,
901 3033 1115 3110 ¹Wolframus
1130 3033 1380 3128 debullehuch,
1407 3035 1539 3112 Theino

160 3137 289 3235 dapiicr
311 3135 355 3208 de
380 3131 662 3225 Liechteuberoh,
686 3133 890 3208 Ludewicus
917 3133 959 3206 de
973 3131 1251 3208 Habechisberch
1277 3145 1311 3208 et
1325 3135 1540 3214 Hermaunus

160 3237 198 3312 de
224 3237 443 3330 Vladuugen,
469 3245 506 3308 et
530 3231 590 3306 alii
614 3256 712 3330 quam
737 3231 866 3330 plures.
916 3234 1006 3306 Acta
1043 3244 1121 3306 sunt
1152 3232 1218 3306 hec
1251 3257 1341 3310 auno
1368 3235 1538 3311 dominico

161 3337 399 3410 incarnationis
449 3333 510 3406 lll0·
539 3328 621 3405 000·
646 3331 737 3406 XX0·
759 3329 879 3424 Vilio,
915 3331 1099 3407 indictione
1130 3332 1213 3423 Ima,
1247 3333 1356 3408 idibus
1393 3335 1537 3432 Aprilis,

159 3449 322 3532 regnante
349 3433 604 3529 gloriosissimo
620 3431 852 3514 Romanorum
877 3435 1084 3532 imperatore
1099 3431 1313 3507 Fridericoi‘

366 3631 548 3716 Appendent
568 3636 623 3695 tria
646 3631 765 3716 sigilla:
792 3629 824 3709 1)
848 3632 972 3714 Capituli
995 3634 1114 3696 roderis
1138 3631 1288 3694 ecclesiae
1309 3611 1538 3714 herbipolensis,

365 3717 400 3794 2)
421 3715 580 3780 llermanni
603 3721 736 3799 episcopi
758 3717 846 3780 uelde
869 3719 992 3797 laesum,
1015 3714 1050 3796 3)
1073 3713 1190 3779 Ottonis
1213 3723 1328 3781 comitis
1357 3715 1395 3779 de
1416 3717 1535 3780 llilten-

365 3803 469 3883 burch,
493 3803 685 3887 triangulare,
707 3809 738 3864 in
762 3807 920 3884 superiore
941 3809 1027 3884 parte
1049 3802 1174 3864 laesum.
1434 3815 1436 3820 ·

365 3923 482 3988 Editum
512 3929 543 3988 in
563 3923 676 4010 Jaegcr
707 3923 886 3990 Geschichtc
916 3923 1143 3990 Frankeuleuds
1165 3923 1204 3988 lll
1224 3943 1252 4006 p.
1276 3921 1338 3988 353
1360 3925 1410 3989 Nr.
1431 3923 1535 4004 XXlll,

364 4019 393 4073 et
425 4015 456 4072 iu
489 4009 648 4075 Bechstein
682 4011 860 4074 Geschichte
893 4009 952 4072 und
976 4009 1119 4073 Gedichte
1152 4011 1207 4074 des
1239 4009 1308 4075 Otto
1337 4027 1395 4073 von
1418 4009 1535 4074 Bolen-

365 4095 473 4159 laubeu
496 4117 524 4179 p.
551 4095 610 4160 132
632 4097 682 4162 Nr.
710 4095 757 4160 11.

174 4227 220 4270 ttae.
236 4229 287 4268 rur.
303 4227 504 4268 rat.txxu11.ncv.
521 4229 568 4268 cett.
583 4227 606 4268 ¹.
1152 4183 1199 4256 29
