3768 4728
268 338 343 410 880
845 335 1063 412 nunonem

268 537 439 634 pdononm
466 536 699 625 reseruandis,
726 560 828 610 secus
856 539 887 614 si
910 537 1087 626 laceretis,
1114 537 1203 632 qrrod
1228 537 1270 608 de
1296 547 1413 608 vestra
1441 535 1652 608 discretione

268 659 334 710 nec
358 648 437 709 tnnc
463 641 729 732 presumpsimus
765 660 831 709 nec
864 636 973 710 adhuc
1010 636 1229 722 confidimus,
1270 636 1386 708 sedem
1425 637 1650 733 apostolicam

269 736 484 834 appellando.
535 739 610 824 Qua
637 739 749 810 omnia
791 760 866 808 curn
906 740 981 810 sitis
1015 739 1080 810 viri
1116 737 1246 833 prouidi
1283 748 1317 808 ot
1343 737 1481 808 discreti
1509 739 1652 811 scientia

270 848 304 909 ct
326 837 478 910 moribus
504 836 674 926 redimiti,
712 841 857 934 potimus
893 837 993 910 nobis
1027 835 1101 908 lieri
1135 849 1169 911 et
1194 838 1307 910 locum
1335 847 1437 908 tutum
1466 841 1653 931 assignari,

270 935 325 1008 ubi
351 936 594 1010 iurisdictionis
620 944 740 1009 'vestre
775 941 872 1032 copia
912 936 1011 1009 nobis
1050 937 1106 1009 liat
1144 947 1177 1010 ei
1217 948 1337 1009 contra
1370 959 1553 1034 personam
1587 958 1653 1010 nos

270 1040 478 1132 inpetentem
507 1037 674 1108 obiciendi
692 1037 834 1110 facultas
849 1061 916 1110 uon
942 1037 1167 1129 subtrahatur,
1194 1039 1342 1134 alioquin
1358 1040 1538 1130 noueritis,
1564 1037 1654 1132 qued

271 1137 534 1234 appellationem
565 1141 795 1234 interpositam
825 1141 1024 1210 innouamus
1063 1148 1097 1209 et
1130 1149 1269 1236 propter
1304 1139 1492 1234 promissas
1530 1161 1654 1210 causas

271 1235 312 1308 ab
339 1237 506 1310 arrdientia
547 1249 664 1312 uestra
693 1241 725 1310 in
763 1241 898 1334 scriptis
937 1237 1146 1334 appellamus
1189 1249 1223 1310 et
1258 1237 1471 1310 dimissorias
1508 1235 1655 1328 litteras,

270 1360 354 1432 quas
381 1338 561 1434 apostolos
587 1361 776 1429 nocemus,
813 1358 886 1409 curn
923 1341 1080 1410 instantia
1120 1343 1285 1434 petimus,
1325 1347 1493 1433 ponentes
1530 1361 1594 1410 nos
1622 1348 1656 1410 et

270 1448 423 1510 nostram
450 1438 634 1510 eeclesiam
662 1437 724 1509 snb
751 1441 900 1510 tuicione
928 1439 1022 1510 sedis
1048 1438 1241 1533 apostolice
1261 1437 1441 1534 speciatur

370 1537 426 1610 Ad
451 1561 576 1632 preces
589 1541 695 1631 igitur
710 1541 885 1634 prepositi,
911 1537 1031 1610 decani
1047 1541 1224 1633 tociusque
1237 1537 1375 1634 capituli
1390 1535 1655 1633 herbipolensis,

271 1637 519 1709 uenerabilium
546 1638 757 1710 donnnorum
783 1650 980 1712 nostrorum
1013 1637 1116 1711 uelud
1148 1637 1298 1712 membra
1332 1641 1432 1733 capiti
1467 1661 1515 1710 ex
1539 1635 1655 1710 debito

274 1741 538 1832 conpatientes,
573 1736 808 1810 fauorabilitar
841 1738 1011 1828 inclinati,
1045 1761 1190 1834 presens
1226 1741 1385 1834 scriptum
1424 1738 1584 1811 fortassis
1621 1741 1654 1809 in

273 1847 471 1932 posterum,
509 1841 542 1909 in
584 1841 782 1912 memoriam
820 1842 871 1911 rei
908 1849 1009 1932 geste
1050 1843 1083 1911 in
1126 1838 1282 1912 iudicium
1316 1836 1543 1910 exhibendum
1580 1836 1656 1910 lieri

272 1939 447 2024 iussimus,
473 1938 591 2031 sigillo
618 1937 754 2034 capituli
774 1943 884 2012 nostri
911 1942 1159 2011 communitum.
1203 1941 1321 2010 [latum
1348 1937 1538 2034 herbipoli,
1566 1961 1655 2010 anno

274 2034 401 2110 domini
426 2035 586 2132 ld⁰gGGa
602 2037 687 2110 Xb0·
703 2037 810 2130 vlle,
837 2038 1021 2112 indictione
1046 2039 1121 2128 Vb,
1146 2037 1190 2110 lll
1206 2059 1328 2111 ‚nonas
1355 2038 1444 2112 tutti.

482 2205 640 2292 Appendet
662 2209 792 2296 sigillum
815 2215 883 2272 nori
908 2199 1079 2272 rnorr'asterii
1105 2228 1143 2272 ex
1166 2208 1343 2274 nicrnhruua.

887 2505 1047 2580 CCXCV.

771 2677 861 2740 harno
884 2671 988 2756 1247,
1018 2675 1062 2738 1¹2.
1086 2677 1164 2739 tutti.

274 2830 488 2906 hermannus
514 2831 767 2927 herbipolensis
794 2835 991 2929 episcopus,
1019 2833 1059 2906 ad
1088 2835 1278 2907 instantiam
1306 2833 1420 2906 fratris
1448 2832 1581 2906 Ottouis
1610 2832 1654 2904 rlo

273 2929 525 3023 Boteulevbeu,
550 2942 587 3004 ut
612 2932 806 3008 intenderet
829 2931 871 3006 de
898 2933 1070 3008 solutione
1097 2936 1262 3030 pecuniae
1289 2957 1335 3006 ex
1351 2934 1526 3026 legatione
1551 2936 1657 3027 patris

275 3031 350 3105 cius
377 3032 511 3106 comitis
537 3029 672 3106 Ottonis
710 3031 752 3106 de
777 3032 1017 3106 Botonlevben
1051 3037 1261 3108 monasterio
1290 3033 1596 3106 sanctimonialium
1624 3036 1657 3106 in

274 3129 512 3204 Frowenrode
538 3129 693 3225 damiam
728 3135 1019 3229 septingentarum
1046 3133 1209 3206 videlicet
1234 3145 1269 3206 et
1295 3136 1535 3229 quinquaginta
1562 3152 1659 3204 mur-

275 3251 391 3306 carum
414 3234 563 3326 argenti,
589 3255 676 3328 quae
703 3232 901 3306 desummo
928 3237 1109 3329 emptionis
1130 3237 1232 3306 castri
1258 3233 1497 3309 Rotenlerban
1515 3255 1659 3304 reman-

276 3340 393 3404 serant
418 3353 487 3405 non
513 3332 664 3422 solutae,
687 3332 729 3405 de
754 3333 891 3429 capituli
919 3337 970 3406 sui
998 3355 1171 3408 consensu
1203 3332 1291 3406 bona
1330 3338 1362 3406 in
1388 3333 1597 3426 Egenhusan
1625 3344 1661 3406 et

276 3427 426 3507 moinus
461 3435 496 3504 in
535 3432 814 3508 blachtobbusen
857 3445 892 3506 et
931 3437 963 3506 in
1003 3433 1318 3508 Etverichesbusen
1360 3457 1422 3529 pro
1464 3435 1660 3527 quingentis

277 3535 402 3616 marma
428 3531 519 3606 dicto
547 3536 758 3608 monastario
784 3532 913 3622 vendit,
939 3543 1143 3629 potestatem
1172 3557 1214 3606 ea
1242 3533 1415 3608 reemendi
1443 3532 1507 3606 sibi
1535 3555 1660 3606 reser-

277 3651 378 3723 vans,
403 3631 583 3730 eidemque
610 3631 761 3706 redditus
786 3633 950 3728 quosdam
978 3636 1011 3704 in
1038 3634 1399 3708 summadncentarum
1427 3644 1462 3706 et
1488 3635 1660 3728 quinqua-

724 3735 818 3827 ginta
840 3755 1030 3806 marcarum
1058 3737 1221 3828 assignat.

404 3863 594 3928 llcrmannus
618 3863 667 3928 det
690 3871 793 3952 gracia
815 3865 1037 3947 herbipolensis
1061 3872 1230 3950 episcopus.
1278 3869 1350 3930 Cum
1384 3869 1478 3932 t'rater
1500 3867 1590 3931 Otto
1624 3868 1663 3930 de

277 3947 553 4014 Botenlerben
586 3956 726 4033 prouisa
746 3955 921 4016 monasterii
945 3954 1209 4018 sanctimonialium
1239 3959 1268 4018 tn
1291 3953 1551 4019 irowenrode
1573 3953 1662 4018 nobis
