3794 4722
963 861 1061 938 clix.

662 1065 749 1128 Anna
774 1060 864 1128 1201.
908 1059 938 1126 8.
962 1062 1149 1145 September.
1193 1063 1367 1130 Bubmberc.

325 1250 499 1346 Philippus
525 1271 591 1322 rex
617 1247 775 1328 Conrado
792 1248 1063 1344 wirceburgensi
1078 1251 1264 1345 episcopm·
1282 1253 1598 1342 consanguineum
1613 1271 1701 1322 can·

325 1351 468 1424 cellario
496 1371 573 1440 sua,
598 1351 773 1444 ipsiusque
799 1349 970 1422 ecclesiae
997 1359 1146 1422 castrum
1181 1351 1346 1444 Steiueeg
1379 1371 1455 1420 cum
1487 1351 1702 1446 pertinentiis
1837 1389 1839 1393 ·

779 1453 853 1522 eius
880 1449 1041 1522 denatat
1066 1448 1250 1522 confirmat.

532 1645 651 1712 euram
670 1653 701 1712 ιιι
714 1647 887 1712 uenum.
912 1647 1224 1728 veruntamen
1246 1621 1389 1734 papam
1413 1648 1463 1712 ru.
1476 1645 1699 1710 ececcmux.

841 2108 844 2118 ·
960 2062 1072 2138 clxi.

656 2263 742 2326 Anno
767 2257 857 2324 1201.
902 2259 933 2325 8.
956 2261 1142 2345 September.
1186 2261 1362 2328 Bablnbarc.

322 2445 569 2543 Philipporum
593 2447 754 2548 vasallis,
788 2445 1067 2520 ministerialibus
1101 2457 1136 2518 et
1163 2441 1390 2545 burgensibus
1424 2449 1459 2518 in
1495 2445 1703 2519 Wircebnrc

322 2549 474 2619 mandat:
500 2559 537 2619 ut
561 2551 713 2644 ipsorum
739 2551 936 2643 episcopum
958 2546 1162 2636 Gauranum,
1187 2549 1477 2640 consanguineum
1493 2567 1603 2637 suum,
1629 2547 1702 2618 bo-

321 2646 541 2720 norificenter
565 2649 741 2743 recipiant,
769 2651 868 2742 eique
894 2645 1040 2720 fideliter
1066 2650 1239 2738 serviant,
1277 2647 1321 2720 ab
1358 2650 1452 2720 cuius
1489 2667 1641 2720 amorem
1667 2651 1700 2718 ei

322 2750 464 2843 eiusque
490 2747 662 2820 ecclesiae
687 2747 824 2822 feodum
853 2747 996 2836 dimittit,
1021 2747 1111 2842 quad
1137 2745 1178 2817 ab
1204 2745 1322 2820 eadem
1349 2747 1500 2820 ecclesia
1526 2746 1703 2842 bucusque

588 2850 708 2938 tenuit,
734 2851 808 2920 iure
831 2846 1059 2919 haereditaria
1086 2846 1128 2918 ad
1155 2869 1194 2920 se
1221 2847 1429 2919 devolutum.

528 3041 646 3108 Editum
666 3049 696 3108 ln
711 3042 788 3110 llam
805 3045 885 3109 Boia.
908 3045 973 3110 Vol.
988 3043 1093 3109 xxix.
1116 3045 1191 3109 Part
1208 3045 1220 3107 l
1242 3064 1311 3130 pag.
1334 3043 1397 3108 503
1418 3041 1469 3110 Nr.
1487 3045 1702 3110 COGGGLXX.

952 3461 1079 3536 CXLII.

321 3655 534 3722 Tasbmonlum
556 3659 765 3722 miraculorum
788 3665 881 3726 sancti
909 3659 1056 3724 Brunonis
1088 3665 1222 3742 episcopi
1253 3661 1402 3744 quandam
1429 3661 1699 3748 wirzeburgensis,

776 3763 853 3826 quae
876 3751 939 3810 visa
962 3753 1031 3810 sunt
1053 3763 1130 3810 anno
1154 3741 1245 3810 1202.

418 3926 522 4001 Anno
548 3931 791 4002 incarnationis
817 3930 953 4004 domine
980 3931 1162 4006 millasimo
1197 3929 1440 4004 lucentissime
1456 3933 1501 4028 [i]
1530 3933 1696 4026 secunda,

320 4021 393 4100 V10·
422 4026 555 4102 decimo
581 4028 752 4104 Kalendas
778 4030 871 4124 tulii,
895 4031 975 4103 luna
1000 4035 1163 4107 uicesima
1190 4030 1359 4124 secunda,
1384 4036 1460 4106 uisu
1486 4044 1564 4107 sunt
1588 4037 1698 4106 mira·
