3774 4728
549 492 766 594 episcopatus
789 495 1087 597 wirsiburgensis.

749 925 930 1014 ccxxxi.
1066 888 1067 892 Ὺ

565 1132 653 1198 Anno
678 1128 781 1248 libb,
815 1131 842 1201 1.
864 1133 971 1216 llarttt,
991 1133 1094 1201 Reate.

157 1319 339 1418 Gregorius
364 1317 518 1418 papelX.
548 1329 706 1395 statutum
732 1321 880 1396 conred
904 1325 1099 1421 portuensis
1113 1326 1280 1424 episcopi,
1306 1325 1521 1422 apostolieae

158 1420 242 1496 sedis
268 1422 388 1518 legati,
416 1421 458 1494 de
472 1443 542 1494 non
567 1421 813 1496 transferendis
840 1427 1083 1500 canonicorum
1103 1423 1343 1518 oblationibus,
1371 1425 1525 1500 domibus

345 1522 404 1594 vel
430 1525 533 1596 curiis
559 1525 593 1596 in
618 1521 727 1598 laieos
752 1523 812 1598 vel
839 1524 923 1600 olias
949 1547 1118 1622 personas
1146 1525 1336 1602 confirmat.

25 1745 26 1786 3
250 1693 503 1790 Gregorius
530 1697 725 1792 episeopus,
752 1719 874 1771 seruus
901 1717 1080 1771 seruorum
1105 1697 1170 1771 dei.
1223 1699 1367 1772 Dilectis
1393 1696 1472 1770 liliis
1491 1751 1524 1770 ..

25 1803 26 1806 ’
157 1793 280 1869 deoano
308 1805 344 1868 et
368 1795 515 1892 capitulo
541 1795 775 1893 herbipolensi
791 1799 987 1882 salutemet
1002 1799 1225 1896 apostolieum
1241 1797 1525 1871 benedictionem.

57 1931 61 1942 ·
157 1895 254 1968 Justis
280 1899 464 1992 petentium
490 1895 669 1970 desideriis
697 1897 833 1992 dignum
860 1908 915 1971 est
939 1919 1005 1973 uos
1031 1899 1168 1972 fusilem
1193 1897 1339 1996 prebere
1368 1920 1526 1974 eonsen-

156 2005 411 2087 erumnose,
443 2019 509 2092 que
543 2022 563 2069 a
602 2001 745 2071 rationis
784 2001 919 2072 tramite
951 2023 1021 2072 non
1046 1997 1242 2073 discordent
1275 1999 1396 2074 ellectu
1433 2022 1524 2097 pro-

157 2107 316 2192 sequente
348 2097 533 2194 oomplere.
586 2097 670 2170 Cum
706 2102 809 2193 igitur
845 2097 937 2171 bone
975 2103 1142 2173 memorie
1177 2101 1215 2172 C.
1255 2104 1524 2196 portuensis

157 2199 354 2293 episeopus,
392 2207 471 2270 tuno
504 2199 695 2294 apostolice
729 2199 820 2272 sedis
860 2201 994 2293 legatus
1033 2204 1068 2274 in
1103 2201 1253 2274 eeclesia
1292 2200 1524 2296 herbipolensi

156 2295 285 2372 duxerit
311 2295 556 2372 deliberatione
580 2297 721 2394 prouida
747 2300 981 2390 statuendum,
1013 2323 1059 2372 ne
1086 2299 1279 2374 oblationes
1306 2305 1380 2374 siue
1404 2299 1524 2374 domus

156 2398 208 2470 uel
232 2401 327 2474 eurie
353 2422 416 2474 sen
452 2399 519 2472 alie
544 2403 790 2496 possessiones
823 2399 978 2474 eiusdem
1012 2401 1189 2492 eoeleste,
1228 2423 1292 2496 que
1332 2398 1456 2474 debent
1492 2411 1526 2476 et

157 2509 403 2574 consueuerant
428 2501 602 2572 cononicis
628 2504 820 2594 assignari,
845 2501 902 2572 nel
927 2522 1010 2574 usus
1036 2502 1165 2574 fruetus
1206 2523 1321 2572 earum
1356 2503 1390 2572 in
1415 2499 1524 2574 laicos

155 2599 208 2673 uel
231 2623 400 2700 personas
428 2599 512 2674 alias
540 2624 559 2672 a
585 2603 760 2674 oenoniois
785 2601 1058 2694 transferantur,
1082 2613 1183 2698 prout
1209 2605 1243 2674 in
1268 2603 1375 2696 ipsius
1402 2599 1524 2676 litteris

156 2700 269 2774 dieitur
293 2701 426 2798 plenius
455 2702 634 2790 contineri,
660 2723 724 2774 noe
738 2705 865 2778 uestris
879 2705 977 2776 iustis
997 2701 1156 2798 precibus
1174 2703 1336 2794 inelimati,
1363 2710 1522 2774 statutum

155 2799 339 2874 huiusmodi
377 2804 577 2874 auctoritate
620 2801 813 2898 apostoliea
847 2800 1084 2876 confirmamus
1123 2813 1158 2874 et
1197 2803 1368 2898 presentis
1406 2803 1524 2898 seripti

155 2905 338 2996 patrocinio
366 2905 619 2976 communimus.
672 2900 763 2974 Nulli
799 2925 885 2998 ergo
920 2906 1058 2976 omnino
1097 2901 1268 2976 hominum
1303 2901 1407 2975 tieeet
1438 2902 1526 2976 haue

26 3071 27 3098 ξ
156 3005 305 3100 pagiuam
339 3013 457 3077 nostre
499 2999 762 3076 confirmationis
799 3003 1012 3097 infringere,
1048 3003 1106 3075 uel
1144 3007 1176 3076 ei
1216 3027 1299 3078 ausu
1338 3008 1523 3076 temerario

157 3107 330 3178 oontruire.
384 3103 421 3176 Si
447 3106 522 3198 quis
548 3113 659 3176 eutero
685 3101 752 3176 boe
777 3115 975 3199 attemptare
999 3107 1247 3200 presumpserit
1257 3103 1523 3198 indignationem

157 3205 390 3302 omnipotentis
416 3203 493 3295 dei,
534 3213 569 3274 et
600 3201 777 3276 beatorum
802 3205 894 3276 Petri
928 3215 963 3276 et
995 3203 1090 3278 Pauli
1117 3205 1351 3300 apostolorum
1386 3208 1460 3278 eius
1484 3225 1525 3278 se

156 3307 531 3502 :dddfidpuiuddddmm‘
583 3303 670 3378 Data
694 3303 816 3396 nean,
840 3303 995 3379 kalendis
1020 3303 1144 3395 Martii,
1171 3302 1384 3402 pontificatus
1410 3307 1523 3378 nostri

357 3605 440 3672 suta
463 3604 602 3689 plumbea
623 3603 763 3690 Gregorii
785 3603 950 3688 papuent
974 3601 1132 3688 appendet.

181 4255 613 4306 hulduminum&
