3838 4728
318 459 392 534 574
771 459 776 472 “
901 451 1122 529 ssanhmertth
1171 481 1174 491 ·

244 701 247 706 Α
321 661 489 752 contingit
515 659 653 730 vhraam
686 653 895 730 Berteldi
930 655 1091 746 sculteti,
1130 653 1247 728 hatris
1284 651 1429 750 predicti
1465 653 1706 728 Woll'rami

324 759 532 848 venditoris,
573 765 608 830 et
641 754 683 828 ab
718 755 786 828 alin
812 767 910 850 parte
934 777 1060 829 versus
1087 775 1241 852 campum
1266 758 1434 849 emrtmgit
1458 774 1565 851 apros
1590 751 1707 836 domi-

319 881 440 940 narum
480 857 523 930 de
565 866 723 930 sanctu
745 855 871 930 thira
912 855 1202 952 herbipolensium
1228 876 1327 928 mere
1348 860 1570 952 proprietatio
1595 857 1706 956 mulo

321 963 572 1056 inperpetuum
615 955 845 1052 possidenda,
893 957 1095 1030 inducentes
1143 955 1289 1028 eundem
1329 955 1605 1034 arohidiaoonn
1629 975 1706 1030 en

321 1063 416 1136 anui
438 1063 518 1154 jure
543 1059 578 1130 in
596 1060 859 1154 possessiouem
877 1057 1108 1152 predictorum
1124 1079 1192 1132 sax
1211 1059 1372 1152 jugerum
1395 1059 1618 1155 corporalem
1642 1077 1706 1155 pro

323 1162 444 1258 precio
468 1155 630 1232 XXXVII
656 1156 818 1232 librarum
849 1155 1066 1231 denariorum
1093 1156 1395 1254 herbipolensium.
1447 1159 1549 1246 Quod
1571 1159 1705 1254 quidem

312 1263 471 1358 precium
497 1255 836 1354 prefativententes
862 1258 1121 1334 confessisunt
1146 1279 1186 1331 se
1223 1257 1407 1350 hahuisse,
1447 1263 1627 1358 recepisse
1673 1265 1709 1331 et

320 1366 356 1434 in
381 1383 465 1436 usus
492 1381 611 1432 oerum
637 1362 859 1434 necessarios
880 1360 1111 1450 conuertisse,
1122 1361 1364 1431 renunciantes
1382 1380 1483 1431 manu
1500 1369 1535 1432 et
1561 1359 1709 1450 calamo,

322 1460 458 1534 utheri
484 1463 679 1551 consueuit,
704 1463 798 1533 omni
819 1462 902 1553 juri,
927 1458 1018 1556 quod
1043 1462 1095 1532 cis
1121 1461 1157 1530 in
1182 1457 1271 1532 dicta
1295 1461 1400 1532 vinea
1425 1465 1589 1557 competit
1612 1482 1707 1533 veu-

274 1621 284 1648 ,
323 1561 391 1634 dita
418 1583 482 1634 seu
506 1559 671 1637 hactenus
699 1559 925 1656 competebat.
975 1559 1224 1633 Niohilominus
1257 1562 1545 1634 renunciaremnt
1570 1583 1707 1658 excep-

322 1663 407 1735 tioni
432 1683 503 1734 non
527 1669 715 1750 numerate,
741 1681 811 1733 nou
838 1659 965 1752 solute,
990 1682 1060 1734 non
1086 1658 1202 1731 habite
1221 1663 1380 1754 pecunie,
1406 1661 1532 1744 achoni
1558 1660 1601 1734 de
1627 1661 1709 1734 dolo

325 1773 361 1835 et
387 1760 560 1834 infactum
586 1771 621 1832 et
647 1763 739 1832 omni
760 1762 849 1852 Juris
876 1761 1027 1851 auxilio,
1052 1770 1120 1832 tam
1147 1762 1317 1850 canonici,
1355 1782 1455 1856 quam
1481 1761 1605 1852 ciuilis,
1645 1785 1708 1858 per

321 1861 412 1958 quod
437 1859 625 1956 predictum
662 1859 935 1933 archidiaconum
976 1869 1034 1932 aut
1072 1881 1156 1934 suos
1193 1858 1342 1934 heredes
1380 1861 1439 1933 uel
1479 1884 1707 1940 successores

325 1967 359 2036 in
387 1963 589 2058 prescriptis
617 1981 682 2033 sex
703 1959 884 2055 iugeribus
911 1962 1036 2060 capus
1058 1958 1196 2055 aliquod
1220 1959 1496 2056 impedimentum
1521 1985 1585 2037 seu
1621 1985 1708 2061 pre-

325 2061 488 2134 i'udioium
514 2061 733 2154 contingeret
759 2063 945 2134 sustinere.
994 2059 1233 2136 Promisernnt
1257 2065 1361 2134 etiam
1386 2061 1490 2135 iidem
1516 2063 1708 2140 vendentes

321 2161 493 2259 prelibato
531 2159 773 2234 archidiacono
808 2171 843 2234 et
876 2165 949 2238 suis
983 2160 1247 2236 successorihus
1275 2183 1338 2236 seu
1364 2161 1548 2239 heredibus
1573 2163 1709 2261 plenam

323 2260 609 2352 waraudiam,
636 2285 701 2357 quc
719 2259 872 2337 debonis
885 2264 1033 2358 propriis
1048 2265 1228 2334 consueuit
1241 2257 1329 2354 lieri,
1354 2262 1571 2358 seiactnros,
1585 2265 1704 2338 dantes

323 2363 667 2458 deeuiotionectpro
679 2361 873 2448 huiusmodi
886 2361 1122 2436 warardia
1136 2361 1293 2439 iacienda
1305 2359 1706 2450 fideiussorashudsa·

204 2523 208 2528 .
323 2461 1710 2560 mannumethlarquardum,iratressupradictiWolirsutim-
1817 2508 1821 2518 ·

324 2558 459 2655 diteris,
486 2564 543 2660 qui
570 2561 613 2638 ad
637 2563 703 2638 hec
727 2563 936 2640 insolidum
962 2561 1186 2658 tenebuntur,
1223 2572 1326 2658 prom
1348 2587 1392 2643 se
1416 2568 1461 2646 iu,
1475 2577 1606 2648 costa
1622 2589 1710 2664 pre·

324 2665 436 2746 sentia
463 2662 670 2761 obligarunt.
722 2661 904 2744 Adiectura
930 2675 985 2738 cst
1021 2667 1136 2756 etiam,
1173 2662 1265 2760 prot
1301 2675 1510 2754 memmius
1536 2667 1710 2740 archidia-

327 2785 435 2839 conus
474 2765 655 2860 percipere
689 2759 792 2837 dehet
821 2761 952 2837 huntus
992 2766 1164 2859 presentis
1204 2762 1282 2837 anni
1308 2763 1351 2837 de
1381 2768 1495 2842 vincis
1520 2767 1709 2864 prelibatis.

324 2862 363 2938 lu
390 2866 487 2938 cuius
526 2866 582 2936 rei
620 2865 851 2938 testimouium
886 2878 1033 2960 pressum
1059 2861 1221 2960 sotdpdttuu
1247 2864 1289 2938 ud
1309 2876 1468 2960 rogatum
1494 2857 1710 2942 vendideram

325 2973 361 3038 ot
384 2963 624 3040 fideiussorum
649 2965 880 3059 predictorum
905 2964 1012 3057 sigilli
1025 2968 1137 3038 nonni
1151 2966 1337 3038 munimine
1349 2966 1507 3047 durium
1531 2963 1712 3044 roboran-

326 3064 414 3138 dum.
478 3063 552 3138 Nos
586 3085 722 3160 qaoque
761 3062 963 3138 venditores
999 3072 1034 3136 ot
1067 3063 1291 3141 fideiussores
1331 3067 1515 3164 supradicti
1538 3073 1711 3167 memissa

327 3167 441 3240 omnia
477 3174 515 3238 et
546 3163 683 3258 singula
715 3167 1000 3260 recognoscimus
1025 3171 1062 3236 et
1087 3163 1130 3236 ad
1153 3187 1195 3237 ea
1220 3165 1438 3242 obseruanda
1459 3189 1526 3244 nos
1551 3188 1705 3268 μεση-

303 3263 415 3350 ,tibue
444 3262 660 3360 obligamus,
697 3263 817 3340 dautes
855 3263 1049 3362 supradicto
1088 3263 1329 3340 arclridiaeeuo
1367 3277 1404 3342 et
1427 3270 1502 3345 suis
1527 3267 1711 3346 heredibus

327 3389 391 3440 seu
421 3363 683 3440 successoribus
709 3385 856 3462 presens
876 3369 1136 3441 iustmmeutmu
1160 3369 1196 3438 in
1221 3365 1425 3444 euidentiam
1450 3373 1710 3466 pecuniosorum,

330 3465 421 3561 quod
449 3463 567 3560 sigillo
589 3463 718 3540 domiui
744 3521 753 3539 .
782 3520 790 3539 .
817 3465 974 3543 officialis
988 3465 1248 3564 herbipolensis
1266 3469 1366 3541 curie
1389 3465 1593 3546 obtinuimus
1619 3493 1713 3544 oon·

330 3567 466 3640 muniri.
517 3567 640 3640 llahtm
679 3577 714 3638 et
754 3577 864 3642 acum
902 3568 990 3641 feria
1025 3579 1144 3664 quarm
1177 3577 1256 3640 anta
1291 3567 1418 3642 murm
1450 3575 1559 3644 suneh
1584 3569 1709 3646 Xathei

334 3665 499 3764 apostoli,
515 3669 550 3740 iu
564 3669 657 3742 curia
671 3665 903 3742 archidiaconi
921 3667 1099 3765 sepedicti,
1120 3689 1212 3742 anno
1225 3666 1352 3741 donini
1367 3667 1426 3742 ilo
1442 3669 1531 3744 (lcu-
1541 3665 1711 3760 LXXXV,

329 3765 547 3865 presentibus
573 3767 712 3840 donnino
737 3769 896 3842 cunrado
922 3768 1195 3860 deflohenloct,
1219 3773 1397 3865 preposito
1421 3775 1530 3846 saneti
1546 3772 1712 3846 lobannis

328 3869 522 3961 heilanga,
562 3865 720 3942 Conrado
762 3869 805 3943 de
844 3865 1122 3946 Wikardesheim
1155 3867 1340 3966 pedagogo
1379 3875 1507 3970 ipsius,
1543 3875 1710 3966 magistro

328 3967 474 4044 Alherto
501 3978 639 4043 rectore
654 3969 840 4045 scolarium
866 3969 953 4067 apud
980 3993 1160 4064 summum,
1185 3969 1348 4044 Wilando
1375 3971 1574 4064 tabellione,
1610 3971 1710 4049 Gun-

332 4065 416 4144 rado
443 4069 565 4166 teugo
581 4071 764 4168 scriptore,
788 4072 998 4149 hartmanno
1024 4077 1196 4172 scriptore
1209 4074 1366 4167 magistri
1391 4073 1552 4169 &egoni
1577 4072 1713 4175 meleti,
