3794 4722
331 463 381 536 80
563 539 568 548 ,
914 461 1134 534 Monumenta

332 665 404 736 suis
432 663 548 755 agris,
573 663 698 756 pratis,
725 660 846 751 siluis,
882 663 977 754 aquis
1004 677 1232 752 aquarumque
1259 655 1459 728 decursibus
1486 657 1597 752 tytulo
1624 681 1718 731 con-

332 759 453 832 cambii
487 769 521 831 et
555 762 828 832 commutationis
862 762 898 830 iu
931 758 1115 830 dominium
1152 777 1251 829 suum
1276 759 1477 852 acquisiuit3
1515 757 1598 830 duas
1625 761 1718 830 enim

330 861 432 932 uillas
459 858 642 954 Heyden
667 859 829 931 uidelicet
852 868 889 929 et
913 853 1206 953 Hyrcendorl
1235 854 1511 948 babenbergensi
1549 860 1716 952 episcopo

330 957 532 1032 Ebrardo
559 955 721 1030 uidelicet
745 979 807 1052 pro
834 957 915 1028 loco
943 959 1100 1050 superius
1126 954 1280 1050 prelato,
1321 955 1402 1048 lege
1428 959 1718 1048 commutationis,

330 1067 367 1129 ut
393 1058 516 1128 dictum
543 1066 609 1146 est,
635 1057 774 1128 donauit
799 1065 834 1126 et
859 1053 1060 1127 contradidit
1086 1064 1122 1126 et
1147 1053 1214 1125 hoc
1239 1064 1402 1148 presente
1418 1063 1453 1124 et
1477 1058 1718 1128 consentiente

331 1160 533 1229 sonoritate
557 1159 733 1249 utriusque
759 1154 916 1226 aduocati
940 1153 1019 1226 bino
1044 1153 1124 1226 inde
1149 1156 1284 1226 comitis
1302 1154 1528 1248 Bopponis
1553 1153 1718 1226 uidelicet

331 1255 374 1328 de
399 1254 668 1352 Hynneberc
693 1263 728 1324 et
754 1255 887 1326 comitis
913 1253 1186 1327 Rabodonis.
1240 1253 1369 1326 Postea
1394 1274 1480 1325 uero
1504 1252 1718 1348 procedente

331 1365 486 1450 tempore
513 1355 757 1425 monasterium
783 1353 1109 1442 sanctimonialium,
1149 1351 1241 1446 quod
1266 1351 1439 1447 predictus
1465 1353 1716 1428 Heinricus

331 1458 366 1526 in
391 1455 471 1525 loco
498 1455 776 1547 supranominato
802 1450 951 1524 llusen
982 1451 1144 1523 uidelicet
1176 1473 1239 1546 pro
1273 1449 1427 1522 remedio
1455 1455 1566 1522 anime
1593 1473 1653 1542 sup
1681 1461 1718 1524 et

331 1563 511 1650 parentum
537 1571 677 1623 suorum
704 1560 965 1639 construxerat,
1003 1549 1045 1620 ad
1081 1549 1189 1621 altare
1224 1549 1316 1621 boati
1341 1549 1479 1645 llyliaui
1505 1555 1653 1624 martiris
1681 1560 1718 1624 et

333 1652 375 1724 ad
389 1653 622 1746 episcopatum
636 1648 962 1741 werzeburgensem
977 1670 1040 1743 per
1065 1671 1199 1720 manum
1214 1649 1418 1720 Heinrici
1434 1660 1469 1720 et
1484 1649 1716 1745 Boppouis

332 1751 375 1822 de
402 1748 649 1838 Trimberc,
674 1751 709 1820 in
735 1769 877 1843 quorum
899 1757 1104 1842 potestatem
1124 1770 1186 1843 per
1209 1746 1289 1819 fidei
1314 1751 1533 1820 commissum
1546 1749 1718 1844 prelatum

331 1851 540 1922 territorium
566 1858 728 1937 uenerat,
763 1847 901 1920 donauit
933 1857 969 1918 et
993 1847 1138 1920 tradidit.
1189 1847 1236 1918 Vt
1259 1849 1363 1940 igitur
1399 1845 1588 1941 predictum
1623 1869 1716 1920 con-

332 1949 500 2021 cambium
534 1957 569 2018 et
594 1968 743 2042 sequens
769 1945 905 2018 traditio
933 1967 1030 2020 suum
1055 1945 1160 2018 robur
1199 1955 1234 2017 et
1269 1955 1391 2017 statum
1425 1949 1460 2017 in
1486 1967 1589 2018 omne
1614 1968 1717 2018 ouum

333 2048 489 2121 obtinere
514 2046 664 2135 ualeant,
688 2045 778 2140 quod
803 2045 929 2117 lactum
956 2056 1022 2134 est,
1041 2045 1223 2140 priuilegio
1238 2047 1410 2139 presentis
1436 2047 1555 2139 scripti
1581 2044 1716 2118 coudr-

330 2150 497 2219 rnauimus
524 2155 559 2217 et
584 2148 617 2216 ei
643 2148 879 2217 auctoritatem
904 2147 1134 2239 impressione
1168 2143 1288 2239 sygilli
1319 2145 1430 2217 nostri
1456 2143 1622 2218 dedimus.
1676 2143 1718 2218 Si

332 2249 407 2341 quis
432 2245 537 2338 igilur
562 2253 682 2317 contra
707 2243 772 2315 bec
797 2243 1045 2316 rationabiliter
1078 2251 1201 2316 statuta
1234 2245 1355 2315 uenire
1388 2241 1431 2314 ad
1456 2243 1719 2318 dissoluendum

331 2345 390 2418 uel
412 2343 644 2418 infirmandum
669 2346 916 2438 presumpserit
942 2341 1119 2416 anathema
1145 2344 1189 2418 sit
1213 2341 1419 2414 maranatha.

412 2470 540 2544 liuius
566 2473 619 2541 rei
643 2479 752 2543 testes
780 2480 858 2542 sunt
883 2468 917 2540 hi
943 2469 1083 2540 clerici:
1120 2467 1293 2542 lleroldus
1328 2489 1478 2543 summus
1504 2473 1717 2564 prepositus,

331 2568 547 2643 Burcbardus
562 2568 706 2641 domnus
723 2568 885 2658 decanus,
909 2565 1103 2656 Riobollus,
1127 2567 1333 2658 Reiuardus,
1360 2565 1516 2662 Siglous,
1532 2567 1718 2662 sigfridus,

260 2689 264 2696 ·
331 2669 528 2758 Bortoldus,
552 2667 716 2758 Perseus,
743 2667 930 2756 Gunradus,
956 2666 1134 2740 Albertus.
1185 2665 1300 2739 Laici:
1326 2665 1491 2742 Albertus
1518 2677 1554 2739 et
1575 2669 1718 2742 Beren-

332 2790 438 2862 gerus
464 2767 507 2838 de
531 2766 692 2856 Binzlelt,
717 2765 898 2860 Billongus
924 2764 1175 2857 vicedominus,
1199 2767 1381 2861 Billongus
1395 2767 1576 2855 scultetus,
1601 2768 1718 2841 Hein-

332 2871 425 2938 rieus
452 2865 640 2956 scoltetus,
671 2865 918 2958 ingelbertus,
944 2863 1181 2956 Godebaldus,
1218 2877 1253 2939 et
1280 2865 1497 2939 Godelridus.
1548 2866 1718 2941 Pretereu

334 2963 545 3038 adiciendum
570 2963 784 3038 decredimus
812 2974 847 3036 et
872 2964 934 3039 sub
959 2961 1072 3038 banno
1098 2963 1189 3038 beati
1213 2965 1306 3040 Petri
1343 2975 1378 3038 et
1402 2976 1523 3038 nostro
1550 2989 1719 3064 compre-

333 3063 524 3154 hendimus,
550 3064 641 3158 quod
666 3064 947 3161 comesBoppo
975 3063 1018 3136 de
1043 3063 1316 3162 Hyunebero
1340 3069 1375 3138 in
1399 3063 1587 3162 predictum
1602 3065 1720 3140 locum

334 3163 453 3236 Huseu
479 3163 640 3235 uidelicet
664 3163 794 3236 nullum
819 3165 872 3237 ius
890 3164 1125 3238 aduocationis
1151 3165 1210 3238 uel
1226 3167 1430 3256 exactionis,
1457 3187 1625 3260 quanunc
1651 3166 1734 3239 ad-'

334 3265 448 3336 uocati
476 3261 667 3354 abutuntur,
692 3261 751 3335 uel
775 3285 932 3358 umquam
945 3263 1091 3359 aliquam
1105 3275 1310 3362 potestatem
1326 3263 1460 3355 babeat,
1484 3267 1552 3338 nisi
1579 3269 1609 3339 si
1628 3263 1721 3340 forte

336 3385 400 3436 sua
425 3361 628 3435 defensione
654 3361 816 3456 indigeat,
844 3373 878 3435 et
904 3363 992 3435 idern
1018 3363 1088 3437 blio
1115 3387 1178 3438 suo
1195 3365 1424 3438 concedimus.
1466 3361 1505 3437 Si
1528 3387 1615 3438 uero
1643 3369 1721 3440 sine

335 3459 407 3632 fillpo
433 3465 673 3556 premoriotur,
697 3461 864 3558 prelatum
889 3467 1134 3538 monasterium
1160 3463 1360 3538 aduocatum
1386 3465 1471 3555 sibi,
1497 3487 1597 3560 quern
1623 3466 1722 3558 uelit,

335 3583 355 3634 e
373 3563 452 3654 'got

436 3688 523 3760 Acta
558 3687 728 3760 dominice
763 3691 1007 3764 incarnationis
1043 3712 1132 3762 anno
1159 3689 1493 3780 nendilo-10,
1531 3691 1721 3766 indictione

335 3784 476 3957 leia,
501 3787 915 3957 regnputellomanorum
929 3788 1336 3885 imperatoreFriderico,
1360 3790 1528 3887 Boppone
1545 3793 1721 3864 existente

335 3907 378 3958 vr
402 3909 468 3960 ano
494 3907 584 3959 comr
599 3910 629 3960 e.
