3774 4728
596 467 813 564 episcopatus
839 467 1134 565 wirciburgensis.
1486 473 1559 549 349

177 665 281 740 dacus
308 664 459 742 ecclesie
483 687 553 742 non
580 667 704 744 debeat
728 669 866 746 diminui
907 671 969 750 scd
1009 670 1174 746 cumulari
1209 673 1328 769 pocius
1365 681 1399 746 et
1425 677 1558 768 augeri,

176 789 219 840 ne
245 765 337 840 vnde
362 768 489 863 placari
516 767 669 859 deberet,
696 771 851 846 dominus
879 774 1059 863 irascatur,
1084 794 1150 846 nos
1176 773 1392 848 considerata
1411 776 1557 848 utilitate

178 867 327 940 ecclesie
354 879 487 960 nostre,
513 869 555 942 ad
581 874 677 944 cuius
701 872 964 946 sollicitudinem
992 873 1147 948 dominus
1172 877 1403 965 nosuecovit,
1429 897 1554 948 cauere

176 967 351 1059 nolentes,
376 991 421 1042 ne
446 969 563 1059 torte,
604 973 680 1064 quia
719 972 883 1046 medietas
922 977 1025 1046 castri
1063 973 1286 1048 Wernelre
1322 973 1558 1070 exponebatur

176 1067 322 1156 venalis,
350 1068 440 1163 qaod
465 1073 561 1166 qnasi
589 1073 622 1144 in
649 1072 760 1146 modio
786 1077 1007 1146 terminorum
1043 1073 1194 1148 ecclesie
1219 1083 1339 1148 nostre
1363 1077 1466 1150 sium
1491 1085 1557 1166 ast,

177 1167 263 1258 alius
290 1179 433 1258 emeret,
461 1193 506 1244 ex
532 1192 596 1264 qua
622 1176 802 1267 empcione
824 1173 976 1248 ecclesie
1000 1183 1120 1246 nostre
1146 1178 1244 1248 varie
1267 1185 1413 1272 possent
1435 1177 1472 1246 in
1495 1174 1556 1248 lu·

176 1278 284 1342 turum
311 1290 504 1363 exsurgere
531 1271 709 1362 lesiones,
733 1273 949 1346 medietatem
975 1273 1127 1346 eiusdem
1163 1277 1265 1348 castri
1304 1277 1447 1348 emimus
1480 1297 1556 1346 cum

177 1368 332 1445 omnibus
358 1369 457 1442 bonis
484 1379 519 1442 et
545 1371 672 1444 iuribus
700 1373 809 1446 eidem
835 1373 1080 1468 pertinentibus
1108 1397 1126 1444 o
1149 1374 1354 1448 Conrado
1382 1374 1424 1448 de
1449 1375 1553 1448 Rie-

177 1468 397 1541 cbenbero
436 1481 470 1541 et
508 1470 748 1566 lrmigardi
787 1497 898 1546 uxore
935 1493 996 1548 sue
1037 1495 1099 1568 pro
1137 1475 1393 1570 quadringentis
1431 1478 1555 1550 marcis

176 1572 320 1663 argenti,
346 1593 413 1642 nec
438 1579 572 1666 poteret
598 1573 682 1646 alias
719 1584 914 1647 contractus
940 1573 1146 1646 venditionis
1181 1587 1216 1647 et
1249 1578 1429 1670 emptionis
1455 1574 1553 1648 huius

175 1673 381 1760 consumari,
406 1674 471 1744 nisi
496 1683 682 1766 prouentus
709 1679 809 1748 vnius
833 1673 1007 1771 prebende
1033 1677 1067 1745 in
1094 1678 1215 1748 maiori
1237 1676 1387 1749 ecclesia
1409 1678 1554 1748 ciuitatis

173 1780 292 1844 nostre
319 1769 477 1844 darentur
504 1771 644 1846 eisdem.
696 1774 809 1862 Quare
834 1798 913 1866 nos,
939 1797 983 1849 ne
1008 1775 1106 1849 buius
1133 1776 1285 1850 ecclesie
1309 1786 1429 1848 nostre
1450 1797 1553 1846 com-

175 1871 307 1941 modum
333 1871 476 1966 prouida
502 1869 694 1945 inchoatum
721 1877 895 1948 intermitti
921 1878 1149 1969 contingeret,
1175 1879 1252 1972 quia
1281 1886 1362 1948 tunc
1388 1879 1552 1971 temporis

173 1971 265 2044 nulla
291 1974 326 2044 in
351 1971 502 2045 ecclesia
527 1984 643 2045 nostro
671 1973 843 2070 prebenda
869 1974 1032 2064 vacabat,
1069 1975 1111 2047 de
1144 1976 1291 2048 consilio
1319 1987 1353 2048 et
1377 1977 1554 2048 voluntate

175 2073 339 2167 prepositi
366 2075 523 2162 maioris,
565 2071 684 2146 decani
715 2086 750 2146 et
788 2077 923 2172 capitoli
960 2080 1069 2148 nostri
1104 2076 1256 2171 predicto
1285 2075 1488 2148 Conrado
1517 2087 1552 2148 et

175 2176 277 2244 uxori
313 2195 375 2244 suc
401 2171 605 2268 prebendam
634 2173 824 2251 Crrnradi
858 2177 900 2248 de
926 2175 1276 2266 Swarcenberc,
1316 2179 1371 2272 qui
1409 2186 1552 2272 propter

174 2271 411 2362 infirmitatem,
438 2296 501 2368 qua
529 2283 673 2363 tenetur,
699 2279 858 2348 continue
886 2279 1020 2370 cogitur
1038 2299 1118 2348 esse
1135 2275 1273 2366 absens,
1300 2279 1552 2370 assignabimus

173 2395 235 2468 pro
262 2383 394 2444 centum
423 2377 546 2446 marcis
572 2377 705 2467 argenti
746 2375 787 2446 ad
827 2379 896 2448 uite
930 2380 1080 2472 ipsarum
1120 2385 1273 2472 tempora
1299 2375 1551 2470 possidendam.

172 2471 210 2545 ln
249 2475 343 2546 ouius
383 2472 556 2568 prebende
592 2483 782 2545 restaurum
824 2475 932 2547 eidem
968 2474 1171 2548 Ounrado
1214 2475 1365 2547 dabimus
1405 2475 1551 2569 singulis

175 2577 272 2648 annis
298 2573 362 2647 XV
388 2573 492 2672 libras
519 2571 770 2670 herbipolensis
797 2576 926 2650 usualis
953 2586 1104 2666 monete,
1129 2599 1195 2670 que
1221 2575 1381 2660 dedomo
1405 2578 1551 2648 ciuitatis

174 2683 303 2762 nostre,
331 2677 364 2748 in
391 2697 454 2768 qua
480 2677 575 2770 panis
603 2673 774 2766 venditur,
798 2680 901 2748 certis
929 2687 963 2748 et
989 2673 1155 2750 distinctis
1182 2675 1391 2772 temporibus
1406 2673 1553 2772 persol-

175 2785 306 2846 uentur.
358 2773 401 2848 Et
427 2777 504 2868 quia
531 2771 663 2869 quidam
688 2780 819 2872 recepti
844 2779 877 2848 in
903 2775 1349 2872 predictaecclesianostra
1376 2786 1453 2852 sunt
1469 2798 1549 2856 ¹eu-

173 2883 349 2970 pectantes
376 2876 450 2969 qni,
486 2874 638 2970 predicto
666 2874 873 2950 Gunrado
900 2875 942 2948 de
966 2875 1296 2949 Swarcenberc
1322 2875 1477 2950 subblato
1506 2875 1549 2948 de

172 2975 298 3066 medio,
324 2974 486 3046 deberent
513 2975 700 3048 succedere
728 2975 955 3071 inprebenda,
983 2999 1125 3072 quorum
1151 2977 1306 3073 periculo
1333 2987 1368 3050 et
1392 2976 1552 3072 indemp-

168 3079 268 3150 nitati
293 3097 420 3150 cavere
445 3075 647 3150 intendimus
674 3079 707 3148 in
734 3076 798 3148 bac
822 3088 919 3172 parte
946 3077 1174 3167 decernimus,
1199 3087 1238 3152 vt
1262 3077 1334 3167 illi,
1360 3081 1416 3172 qui
1442 3099 1551 3172 sepe-

173 3176 263 3248 dicto
292 3175 493 3249 Conrado
521 3175 562 3248 de
590 3175 913 3270 Swaroenberc
937 3170 1137 3268 succedent,
1160 3177 1352 3252 uiuentibus
1389 3177 1552 3272 predictis

173 3277 210 3348 Ο.
239 3276 281 3348 de
306 3275 590 3350 llicbenberc
616 3287 650 3348 et
675 3299 785 3352 uxore
811 3281 899 3366 eius,
925 3281 993 3372 qui,
1019 3281 1107 3350 sieut
1132 3299 1334 3372 expressum
1361 3288 1439 3367 est,
1464 3299 1552 3373 pre·

171 3376 314 3450 bendam
351 3377 392 3450 ad
430 3388 583 3471 tempora
616 3379 686 3448 uite
722 3401 783 3450 sue
817 3381 1028 3473 percipient,
1061 3377 1223 3472 predictis
1261 3377 1324 3448 XV
1363 3377 1460 3449 libris
1486 3399 1550 3471 pro

169 3477 344 3573 prebende
369 3481 592 3572 perceptione
627 3500 737 3550 annua
774 3480 841 3550 sint
878 3481 1040 3551 contenti.
1094 3477 1286 3573 Sepedictis
1323 3499 1410 3550 vero
1438 3475 1550 3548 Gun-

171 3579 276 3652 rado
303 3578 345 3650 de
371 3576 654 3650 Richenherc
689 3589 723 3650 et
756 3601 865 3650 uxore
893 3600 954 3650 sua
982 3577 1122 3650 sublatis
1148 3578 1191 3650 de
1217 3578 1351 3665 medie,
1381 3577 1461 3665 ille,
1495 3581 1551 3671 qui

172 3701 234 3774 pro
260 3691 415 3773 tempore
440 3679 653 3752 dominorum
681 3678 760 3750 loco
786 3680 1016 3772 perceptionis
1043 3676 1216 3771 prebende
1234 3677 1297 3750 XV
1318 3675 1422 3750 libras
1443 3697 1550 3749 rece-

171 3783 277 3873 perit,
315 3779 593 3876 quemadmodum
641 3781 796 3872 superius
843 3788 896 3848 est
933 3799 1157 3872 expressum,
1196 3776 1403 3871 prebendam
1454 3799 1550 3849 suam

168 3883 314 3974 recipiet
340 3879 441 3952 modo
476 3890 510 3950 at
544 3878 663 3952 ordine
689 3888 856 3952 consueto
890 3888 925 3950 et
950 3880 1098 3972 ipsorum
1124 3877 1189 3949 XV
1225 3878 1387 3950 librorum
1422 3876 1548 3950 solutio

172 3979 214 4052 ad
237 4001 302 4054 nos
329 3980 388 4052 vel
414 3980 455 4052 ad
482 3999 707 4055 successores
733 3987 873 4050 nostros
901 3977 1009 4050 libere
1037 3987 1272 4068 reuertentur,
1308 3977 1549 4069 decernentes,

170 4090 208 4156 ut
232 4083 267 4154 ln
293 4083 526 4175 assignatione
551 4075 798 4176 prebendarum
823 4078 890 4152 XV
915 4077 1075 4154 librarum
1102 4077 1304 4154 Ouarada
1332 4078 1375 4154 de
1402 4077 1548 4152 Swar-
