3794 4722
610 457 827 555 episcopatus
853 452 1142 554 wirciburgensis.
1521 461 1568 532 87

190 655 422 754 prouectioris
448 663 546 751 etatis
571 663 660 732 inter
686 669 800 752 cetero
824 657 912 732 banc
924 661 1126 755 pensionem
1153 656 1196 730 da
1219 657 1363 752 siugulis
1388 658 1572 752 colligaret

192 769 226 830 et
252 781 319 855 pro
346 759 502 834 omnibus
522 782 606 838 ,eam
632 781 735 855 super
761 759 868 832 altare
893 759 1112 854 persolueret
1137 767 1172 830 et
1197 756 1286 853 quod
1312 755 1354 830 de
1379 757 1443 829 VII
1469 781 1571 853 snpra
1683 826 1686 837 ,

193 862 380 932 nominatis
408 863 519 932 seruis
545 870 581 932 ot
606 859 739 932 ancillis
776 862 891 932 statuit
923 859 966 931 do
991 869 1063 932 tota
1087 861 1289 956 posteritate
1318 879 1436 930 eorum
1461 861 1572 930 teneri

193 959 304 1030 uoluit
333 969 366 1032 ct
391 962 538 1053 rogauit.
590 958 628 1034 Si
655 962 729 1054 quis
756 969 868 1031 autem
893 959 1065 1032 masculus
1092 981 1138 1032 ox
1158 959 1227 1032 illis
1241 957 1331 1030 forte
1346 961 1572 1056 premoriatur

191 1057 294 1130 XXX
321 1058 480 1131 denarios
507 1063 541 1131 in
566 1081 647 1131 cera
673 1059 870 1154 persoluat,
897 1062 926 1133 si
950 1081 1036 1132 uero
1062 1058 1187 1131 semina
1211 1055 1311 1146 XXi,
1345 1067 1382 1128 ut
1405 1055 1572 1150 prefatum

191 1157 305 1230 altare
343 1159 458 1231 iumen
491 1161 524 1230 in
560 1169 757 1254 perpetuum
790 1157 1035 1232 habundantius
1068 1157 1195 1232 habere
1220 1159 1341 1253 possit.
1392 1155 1438 1226 Vt
1469 1158 1572 1250 igitur

192 1258 263 1330 boc
290 1257 413 1330 iactum
440 1269 507 1330 tam
533 1257 735 1330 rationabile
760 1269 794 1330 et
820 1269 972 1333 sanctum
1004 1262 1040 1331 in
1065 1281 1167 1330 omne
1192 1277 1292 1329 ouum
1317 1265 1515 1350 permaneat
1540 1265 1575 1328 et

195 1358 303 1430 robur
328 1357 522 1431 firmissimo
557 1361 767 1431 auctoritatis
793 1362 827 1430 in
853 1369 1051 1454 perpetuum
1077 1357 1227 1430 obtineat
1251 1366 1377 1427 cartam
1402 1357 1572 1450 presentis

199 1460 319 1554 scripti
345 1481 448 1554 super
473 1457 541 1530 boc
565 1457 639 1529 fieri
666 1457 879 1530 decredimus
906 1469 940 1530 et
966 1461 999 1530 ci
1023 1461 1258 1532 auctoritatem
1285 1465 1488 1527 ettenoram
1513 1448 1572 1526 in?-

198 1557 388 1630 dchcientis
415 1561 579 1650 memorio
605 1559 834 1653 impressione
850 1557 955 1648 sigilli
979 1561 1090 1631 nostri
1116 1555 1278 1630 dedimus.
1329 1553 1426 1626 Vnde
1453 1557 1572 1649 siquis

191 1657 277 1730 iilud
302 1661 337 1728 in
363 1669 538 1754 posterum
564 1657 752 1752 infringere
777 1657 835 1728 uel
862 1656 1032 1729 infirmare
1059 1656 1306 1752 presumpserit
1340 1653 1399 1725 uel
1424 1663 1572 1749 attemp-

192 1759 322 1829 tauerit
346 1757 493 1830 bennum
518 1757 610 1830 beati
635 1759 728 1830 Petri
764 1767 800 1828 et
824 1767 977 1828 nostrum
1015 1777 1055 1830 se
1092 1759 1280 1828 iucurrisse
1314 1763 1504 1848 cognoscat
1540 1763 1574 1826 et

192 1868 310 1950 eterne
346 1857 577 1959 dampnationi
603 1855 665 1931 snb
689 1856 827 1929 uinculo
854 1856 1075 1928 anathematis
1101 1859 1167 1928 nisi
1192 1856 1373 1949 resipiscat
1388 1851 1572 1926 subiaceat.

195 1958 303 2030 Huius
339 1961 392 2029 rei
426 1968 535 2030 testes
569 1967 647 2030 sunt
685 1955 737 2028 hi:
778 1955 949 2029 Heroldus
987 1957 1202 2052 prepositus,
1235 1955 1376 2027 Persius
1412 1952 1574 2043 decanus,

158 2045 162 2070 ¹
192 2056 433 2151 Reginhardus
472 2061 688 2152 prepositum
721 2055 925 2128 Bertboldus
959 2057 1175 2151 prepositus,
1209 2052 1417 2128 Adelbertus
1444 2063 1574 2143 custos,

197 2155 402 2230 Godeiridus
429 2168 560 2248 cantor,
585 2156 760 2230 iohannes
787 2160 951 2250 magister
977 2156 1169 2248 scolarum,
1192 2155 1393 2244 flammeus,
1421 2153 1574 2247 Sigeiri-

195 2257 270 2330 dus.
322 2255 434 2328 Laici:
473 2255 651 2350 Bilinngus
696 2255 942 2346 nicodemum,
967 2255 1145 2348 Billungus
1172 2254 1356 2344 scultetum,
1394 2247 1573 2324 ileinrious

199 2357 387 2446 scultetus,
412 2349 600 2448 turoldus,
624 2355 735 2448 Boio,
771 2354 1013 2448 Godeboldus,
1050 2353 1274 2446 chciridus‚
1298 2351 1376 2424 Otto
1404 2362 1438 2424 et
1468 2351 1575 2424 frater

195 2459 271 2531 eius
297 2460 405 2530 Arno.
1276 2479 1282 2489 ·

301 2573 392 2644 Acta
418 2572 585 2666 dominice
612 2575 853 2648 incarnationis
881 2595 970 2645 anno
996 2567 1040 2646 III.
1068 2572 1106 2646 G.
1132 2569 1250 2661 vas
1271 2567 1455 2640 indictione
1470 2567 1573 2658 XIII,

196 2683 365 2767 regnante
409 2673 641 2745 Romanomm
685 2676 892 2769 imperatore
939 2671 1139 2764 undenso,
1178 2668 1242 2743 XII
1278 2691 1367 2742 anno
1404 2673 1504 2763 regni
1540 2680 1574 2774 ep

199 2776 333 2868 imperii
359 2775 425 2863 sui,
451 2773 617 2868 boppone
641 2776 812 2848 existente
837 2774 967 2848 urbano
994 2776 1128 2846 comite.

405 2941 527 3018 indictio
536 2938 772 3006 XIlIconoordat
784 2958 851 3002 oum
865 2957 944 3002 anno
961 2939 1067 3002 Christi
1077 2937 1217 3020 ucuxv,
1238 2945 1270 3004 in
1284 2959 1344 3022 quo
1358 2938 1519 3004 inchoabat
1526 2935 1574 3002 dic

404 3024 453 3092 lX.
465 3029 548 3092 biart.
562 3047 657 3090 annus
667 3025 741 3091 xiv.
752 3029 839 3110 regni
848 3025 933 3088 ctdic
942 3025 1041 3088 XVIII.
1050 3024 1117 3089 Jun.
1126 3044 1219 3089 annus
1231 3025 1284 3090 XI.
1300 3031 1414 3108 imperii
1421 3025 1573 3088 FrIdcrioi.

406 3130 501 3212 SigiIli
514 3133 654 3212 impressi
668 3145 738 3211 pars
759 3124 878 3190 dimidia
900 3133 1048 3210 superest,
1071 3133 1245 3210 episcopum
1266 3132 1297 3190 in
1320 3126 1394 3190 sede
1413 3125 1574 3209 episcopali

411 3215 567 3278 sedentem
588 3221 832 3296 repraesentans,
864 3229 931 3276 oum
958 3215 1167 3294 inscrIptione:
1199 3215 1241 3294 a†
1270 3213 1359 3276 IIIIIN
1382 3257 1574 3278 .......

403 3299 748 3364 WIRCEBVIIGIINSIS.
771 3297 904 3361 EOGLE.
926 3297 1030 3361 EPG.“

658 3710 661 3718 ἱ
827 3619 941 3698 CVIII.
1010 3617 1012 3624 ¹

572 3793 661 3858 Anno
686 3785 776 3858 1168.
823 3789 871 3858 10.
894 3793 973 3858 Iulii.
1010 3789 1201 3875 Wimebmg.

295 3949 490 4024 Friderieus
515 3949 541 4023 1.
576 3951 676 4024 Rom.
711 3952 897 4046 imperator
921 3924 1074 4041 hieroldo
1110 3946 1275 4041 episcopo
1302 3937 1575 4035 wirceburgensi

202 4053 345 4146 eiusque
373 4051 543 4125 ecciesiae
566 4049 836 4144 jurisdictionem
869 4070 932 4145 per
964 4055 1069 4120 totum
1097 4047 1328 4142 episcopatum
1354 4065 1395 4116 ac
1420 4039 1574 4114 ducatum
