<?xml version="1.0" encoding="UTF-8"?>
<!DOCTYPE html PUBLIC "-//W3C//DTD XHTML 1.0 Transitional//EN"
    "http://www.w3.org/TR/xhtml1/DTD/xhtml1-transitional.dtd">
<html xmlns="http://www.w3.org/1999/xhtml" xml:lang="en" lang="en">
 <head>
  <title>
</title>
<meta http-equiv="Content-Type" content="text/html;charset=utf-8" />
  <meta name='ocr-system' content='tesseract 3.04.00' />
  <meta name='ocr-capabilities' content='ocr_page ocr_carea ocr_par ocr_line ocrx_word'/>
</head>
<body>
  <div class='ocr_page' id='page_1' title='image "./monumentaboica00karagoog_0287.png"; bbox 0 0 3768 4728; ppageno 0'>
   <div class='ocr_carea' id='block_1_1' title="bbox 588 439 1534 540">
    <p class='ocr_par' dir='ltr' id='par_1_1' title="bbox 588 439 1534 540">
     <span class='ocr_line' id='line_1_1' title="bbox 588 439 1534 540; baseline 0.001 -24"><span class='ocrx_word' id='word_1_1' title='bbox 588 443 803 540; x_wconf 87' lang='lat' dir='ltr'><strong>episcopatus</strong></span> <span class='ocrx_word' id='word_1_2' title='bbox 830 441 1121 538; x_wconf 77' lang='lat' dir='ltr'><strong>wirsiburgensis.</strong></span> <span class='ocrx_word' id='word_1_3' title='bbox 1461 439 1534 517; x_wconf 71' lang='lat' dir='ltr'><strong>ate</strong></span> 
     </span>
    </p>
   </div>
   <div class='ocr_carea' id='block_1_2' title="bbox 157 638 1581 3536">
    <p class='ocr_par' dir='ltr' id='par_1_2' title="bbox 157 638 1581 3536">
     <span class='ocr_line' id='line_1_2' title="bbox 157 638 1532 738; baseline 0.005 -29"><span class='ocrx_word' id='word_1_4' title='bbox 157 641 348 735; x_wconf 87' lang='lat' dir='ltr'><strong>inspiranto</strong></span> <span class='ocrx_word' id='word_1_5' title='bbox 371 638 539 732; x_wconf 80' lang='lat' dir='ltr'><strong>feceritis,</strong></span> <span class='ocrx_word' id='word_1_6' title='bbox 564 639 736 716; x_wconf 76' lang='lat' dir='ltr'><strong>felicitatis</strong></span> <span class='ocrx_word' id='word_1_7' title='bbox 761 652 881 716; x_wconf 85' lang='lat' dir='ltr'><strong>eterne</strong></span> <span class='ocrx_word' id='word_1_8' title='bbox 913 641 1012 718; x_wconf 88' lang='lat' dir='ltr'><strong>uobis</strong></span> <span class='ocrx_word' id='word_1_9' title='bbox 1046 643 1176 738; x_wconf 87' lang='lat' dir='ltr'><strong>premia</strong></span> <span class='ocrx_word' id='word_1_10' title='bbox 1202 641 1427 738; x_wconf 56' lang='lat' dir='ltr'><strong>conparatis,</strong></span> <span class='ocrx_word' id='word_1_11' title='bbox 1459 641 1532 716; x_wconf 86' lang='lat' dir='ltr'><strong>llos</strong></span> 
     </span>
     <span class='ocr_line' id='line_1_3' title="bbox 157 739 1533 836; baseline 0.004 -28"><span class='ocrx_word' id='word_1_12' title='bbox 157 742 262 832; x_wconf 89' lang='lat' dir='ltr'><strong>igitur</strong></span> <span class='ocrx_word' id='word_1_13' title='bbox 288 739 331 811; x_wconf 91' lang='lat' dir='ltr'><strong>do</strong></span> <span class='ocrx_word' id='word_1_14' title='bbox 364 742 606 836; x_wconf 86' lang='lat' dir='ltr'><strong>omnipotentis</strong></span> <span class='ocrx_word' id='word_1_15' title='bbox 644 740 698 814; x_wconf 93' lang='lat' dir='ltr'><strong>dei</strong></span> <span class='ocrx_word' id='word_1_16' title='bbox 734 741 988 834; x_wconf 90' lang='lat' dir='ltr'><strong>misericordia,</strong></span> <span class='ocrx_word' id='word_1_17' title='bbox 1020 739 1198 814; x_wconf 87' lang='lat' dir='ltr'><strong>beatorum</strong></span> <span class='ocrx_word' id='word_1_18' title='bbox 1237 741 1330 816; x_wconf 89' lang='lat' dir='ltr'><strong>Petri</strong></span> <span class='ocrx_word' id='word_1_19' title='bbox 1356 751 1391 814; x_wconf 90' lang='lat' dir='ltr'><strong>et</strong></span> <span class='ocrx_word' id='word_1_20' title='bbox 1425 739 1533 832; x_wconf 88' lang='lat' dir='ltr'><strong>Pauli,</strong></span> 
     </span>
     <span class='ocr_line' id='line_1_4' title="bbox 157 840 1533 940; baseline 0.002 -30"><span class='ocrx_word' id='word_1_21' title='bbox 157 840 395 936; x_wconf 88' lang='lat' dir='ltr'><strong>apostolorum</strong></span> <span class='ocrx_word' id='word_1_22' title='bbox 422 843 508 930; x_wconf 89' lang='lat' dir='ltr'><strong>eius,</strong></span> <span class='ocrx_word' id='word_1_23' title='bbox 534 861 575 912; x_wconf 88' lang='lat' dir='ltr'><strong>ac</strong></span> <span class='ocrx_word' id='word_1_24' title='bbox 599 845 846 937; x_wconf 85' lang='lat' dir='ltr'><strong>preciosissimi</strong></span> <span class='ocrx_word' id='word_1_25' title='bbox 870 845 1030 940; x_wconf 69' lang='lat' dir='ltr'><strong>martyris</strong></span> <span class='ocrx_word' id='word_1_26' title='bbox 1055 841 1179 914; x_wconf 71' lang='lat' dir='ltr'><strong>{filiani</strong></span> <span class='ocrx_word' id='word_1_27' title='bbox 1203 843 1332 916; x_wconf 86' lang='lat' dir='ltr'><strong>meritis</strong></span> <span class='ocrx_word' id='word_1_28' title='bbox 1359 851 1393 913; x_wconf 92' lang='lat' dir='ltr'><strong>et</strong></span> <span class='ocrx_word' id='word_1_29' title='bbox 1409 852 1533 913; x_wconf 90' lang='lat' dir='ltr'><strong>aucto-</strong></span> 
     </span>
     <span class='ocr_line' id='line_1_5' title="bbox 158 938 1534 1036; baseline 0.001 -26"><span class='ocrx_word' id='word_1_30' title='bbox 158 939 260 1010; x_wconf 78' lang='lat' dir='ltr'><strong>ritate</strong></span> <span class='ocrx_word' id='word_1_31' title='bbox 287 938 419 1030; x_wconf 87' lang='lat' dir='ltr'><strong>oonbsi,</strong></span> <span class='ocrx_word' id='word_1_32' title='bbox 447 938 601 1014; x_wconf 91' lang='lat' dir='ltr'><strong>omnibus</strong></span> <span class='ocrx_word' id='word_1_33' title='bbox 635 940 740 1014; x_wconf 88' lang='lat' dir='ltr'><strong>corde</strong></span> <span class='ocrx_word' id='word_1_34' title='bbox 772 945 926 1016; x_wconf 83' lang='lat' dir='ltr'><strong>contritis</strong></span> <span class='ocrx_word' id='word_1_35' title='bbox 963 951 997 1016; x_wconf 89' lang='lat' dir='ltr'><strong>et</strong></span> <span class='ocrx_word' id='word_1_36' title='bbox 1023 963 1085 1014; x_wconf 92' lang='lat' dir='ltr'><strong>ore</strong></span> <span class='ocrx_word' id='word_1_37' title='bbox 1112 939 1301 1031; x_wconf 74' lang='lat' dir='ltr'><strong>confessis,</strong></span> <span class='ocrx_word' id='word_1_38' title='bbox 1335 943 1390 1036; x_wconf 84' lang='lat' dir='ltr'><strong>qui</strong></span> <span class='ocrx_word' id='word_1_39' title='bbox 1423 940 1534 1012; x_wconf 91' lang='lat' dir='ltr'><strong>eidem</strong></span> 
     </span>
     <span class='ocr_line' id='line_1_6' title="bbox 159 1037 1534 1138; baseline 0.003 -30"><span class='ocrx_word' id='word_1_40' title='bbox 159 1037 314 1111; x_wconf 88' lang='lat' dir='ltr'><strong>ecclesie</strong></span> <span class='ocrx_word' id='word_1_41' title='bbox 338 1061 471 1110; x_wconf 88' lang='lat' dir='ltr'><strong>manum</strong></span> <span class='ocrx_word' id='word_1_42' title='bbox 493 1044 715 1135; x_wconf 82' lang='lat' dir='ltr'><strong>porrexerint</strong></span> <span class='ocrx_word' id='word_1_43' title='bbox 740 1041 949 1134; x_wconf 89' lang='lat' dir='ltr'><strong>adiutricem,</strong></span> <span class='ocrx_word' id='word_1_44' title='bbox 976 1041 1195 1138; x_wconf 86' lang='lat' dir='ltr'><strong>quadraginta</strong></span> <span class='ocrx_word' id='word_1_45' title='bbox 1223 1039 1296 1114; x_wconf 92' lang='lat' dir='ltr'><strong>dies</strong></span> <span class='ocrx_word' id='word_1_46' title='bbox 1312 1039 1534 1112; x_wconf 83' lang='lat' dir='ltr'><strong>criminalium</strong></span> 
     </span>
     <span class='ocr_line' id='line_1_7' title="bbox 158 1137 1533 1238; baseline 0.002 -30"><span class='ocrx_word' id='word_1_47' title='bbox 158 1141 311 1211; x_wconf 87' lang='lat' dir='ltr'><strong>iniuncta</strong></span> <span class='ocrx_word' id='word_1_48' title='bbox 334 1142 518 1235; x_wconf 86' lang='lat' dir='ltr'><strong>penitentie</strong></span> <span class='ocrx_word' id='word_1_49' title='bbox 545 1150 579 1212; x_wconf 89' lang='lat' dir='ltr'><strong>et</strong></span> <span class='ocrx_word' id='word_1_50' title='bbox 604 1161 726 1213; x_wconf 90' lang='lat' dir='ltr'><strong>annum</strong></span> <span class='ocrx_word' id='word_1_51' title='bbox 750 1143 953 1234; x_wconf 89' lang='lat' dir='ltr'><strong>uenialinm,</strong></span> <span class='ocrx_word' id='word_1_52' title='bbox 979 1151 1120 1238; x_wconf 90' lang='lat' dir='ltr'><strong>peccata</strong></span> <span class='ocrx_word' id='word_1_53' title='bbox 1146 1139 1269 1231; x_wconf 91' lang='lat' dir='ltr'><strong>oblita,</strong></span> <span class='ocrx_word' id='word_1_54' title='bbox 1305 1149 1389 1212; x_wconf 90' lang='lat' dir='ltr'><strong>vota</strong></span> <span class='ocrx_word' id='word_1_55' title='bbox 1413 1137 1533 1230; x_wconf 87' lang='lat' dir='ltr'><strong>fracta,</strong></span> 
     </span>
     <span class='ocr_line' id='line_1_8' title="bbox 158 1237 1535 1337; baseline 0.001 -27"><span class='ocrx_word' id='word_1_56' title='bbox 158 1241 189 1310; x_wconf 85' lang='lat' dir='ltr'><strong>si</strong></span> <span class='ocrx_word' id='word_1_57' title='bbox 215 1237 258 1309; x_wconf 93' lang='lat' dir='ltr'><strong>ad</strong></span> <span class='ocrx_word' id='word_1_58' title='bbox 285 1261 326 1312; x_wconf 90' lang='lat' dir='ltr'><strong>ea</strong></span> <span class='ocrx_word' id='word_1_59' title='bbox 351 1239 535 1329; x_wconf 78' lang='lat' dir='ltr'><strong>redierint,</strong></span> <span class='ocrx_word' id='word_1_60' title='bbox 562 1239 772 1315; x_wconf 88' lang='lat' dir='ltr'><strong>offensiones</strong></span> <span class='ocrx_word' id='word_1_61' title='bbox 795 1251 928 1337; x_wconf 90' lang='lat' dir='ltr'><strong>patrum</strong></span> <span class='ocrx_word' id='word_1_62' title='bbox 953 1252 988 1313; x_wconf 93' lang='lat' dir='ltr'><strong>et</strong></span> <span class='ocrx_word' id='word_1_63' title='bbox 1013 1251 1155 1313; x_wconf 90' lang='lat' dir='ltr'><strong>matrum</strong></span> <span class='ocrx_word' id='word_1_64' title='bbox 1181 1243 1256 1312; x_wconf 89' lang='lat' dir='ltr'><strong>sino</strong></span> <span class='ocrx_word' id='word_1_65' title='bbox 1271 1237 1428 1314; x_wconf 82' lang='lat' dir='ltr'><strong>elusione</strong></span> <span class='ocrx_word' id='word_1_66' title='bbox 1449 1261 1535 1312; x_wconf 90' lang='lat' dir='ltr'><strong>san-</strong></span> 
     </span>
     <span class='ocr_line' id='line_1_9' title="bbox 159 1337 1537 1434; baseline 0 -24"><span class='ocrx_word' id='word_1_67' title='bbox 159 1341 274 1431; x_wconf 82' lang='lat' dir='ltr'><strong>guinis</strong></span> <span class='ocrx_word' id='word_1_68' title='bbox 300 1337 526 1434; x_wconf 89' lang='lat' dir='ltr'><strong>penitentibus</strong></span> <span class='ocrx_word' id='word_1_69' title='bbox 553 1349 632 1414; x_wconf 93' lang='lat' dir='ltr'><strong>octo</strong></span> <span class='ocrx_word' id='word_1_70' title='bbox 660 1340 732 1414; x_wconf 91' lang='lat' dir='ltr'><strong>dies</strong></span> <span class='ocrx_word' id='word_1_71' title='bbox 760 1363 903 1414; x_wconf 92' lang='lat' dir='ltr'><strong>oarrene</strong></span> <span class='ocrx_word' id='word_1_72' title='bbox 929 1351 964 1412; x_wconf 90' lang='lat' dir='ltr'><strong>et</strong></span> <span class='ocrx_word' id='word_1_73' title='bbox 988 1363 1089 1412; x_wconf 90' lang='lat' dir='ltr'><strong>unum</strong></span> <span class='ocrx_word' id='word_1_74' title='bbox 1117 1362 1238 1412; x_wconf 89' lang='lat' dir='ltr'><strong>annum</strong></span> <span class='ocrx_word' id='word_1_75' title='bbox 1263 1339 1537 1434; x_wconf 87' lang='lat' dir='ltr'><strong>penitencialem,</strong></span> 
     </span>
     <span class='ocr_line' id='line_1_10' title="bbox 159 1436 1535 1535; baseline 0.001 -27"><span class='ocrx_word' id='word_1_76' title='bbox 159 1436 358 1510; x_wconf 90' lang='lat' dir='ltr'><strong>mulieribus</strong></span> <span class='ocrx_word' id='word_1_77' title='bbox 385 1447 509 1530; x_wconf 86' lang='lat' dir='ltr'><strong>autem,</strong></span> <span class='ocrx_word' id='word_1_78' title='bbox 534 1461 601 1533; x_wconf 84' lang='lat' dir='ltr'><strong>qua</strong></span> <span class='ocrx_word' id='word_1_79' title='bbox 626 1461 761 1514; x_wconf 89' lang='lat' dir='ltr'><strong>omnem</strong></span> <span class='ocrx_word' id='word_1_80' title='bbox 788 1439 1005 1535; x_wconf 83' lang='lat' dir='ltr'><strong>diligenciam</strong></span> <span class='ocrx_word' id='word_1_81' title='bbox 1029 1437 1240 1512; x_wconf 83' lang='lat' dir='ltr'><strong>adhibuerint</strong></span> <span class='ocrx_word' id='word_1_82' title='bbox 1271 1443 1386 1535; x_wconf 90' lang='lat' dir='ltr'><strong>pueris</strong></span> <span class='ocrx_word' id='word_1_83' title='bbox 1419 1438 1535 1534; x_wconf 90' lang='lat' dir='ltr'><strong>bapti-</strong></span> 
     </span>
     <span class='ocr_line' id='line_1_11' title="bbox 162 1537 1533 1636; baseline 0.001 -28"><span class='ocrx_word' id='word_1_84' title='bbox 162 1541 263 1628; x_wconf 85' lang='lat' dir='ltr'><strong>zatis,</strong></span> <span class='ocrx_word' id='word_1_85' title='bbox 290 1537 457 1610; x_wconf 90' lang='lat' dir='ltr'><strong>dimidiam</strong></span> <span class='ocrx_word' id='word_1_86' title='bbox 482 1561 661 1612; x_wconf 79' lang='lat' dir='ltr'><strong>camenam</strong></span> <span class='ocrx_word' id='word_1_87' title='bbox 695 1551 729 1614; x_wconf 92' lang='lat' dir='ltr'><strong>et</strong></span> <span class='ocrx_word' id='word_1_88' title='bbox 762 1563 884 1613; x_wconf 90' lang='lat' dir='ltr'><strong>annum</strong></span> <span class='ocrx_word' id='word_1_89' title='bbox 910 1541 1191 1636; x_wconf 90' lang='lat' dir='ltr'><strong>penitencialem,</strong></span> <span class='ocrx_word' id='word_1_90' title='bbox 1217 1543 1263 1610; x_wconf 90' lang='lat' dir='ltr'><strong>ita</strong></span> <span class='ocrx_word' id='word_1_91' title='bbox 1296 1549 1335 1610; x_wconf 93' lang='lat' dir='ltr'><strong>ut</strong></span> <span class='ocrx_word' id='word_1_92' title='bbox 1366 1539 1533 1610; x_wconf 90' lang='lat' dir='ltr'><strong>dimidiam</strong></span> 
     </span>
     <span class='ocr_line' id='line_1_12' title="bbox 160 1639 1534 1734; baseline 0.004 -28"><span class='ocrx_word' id='word_1_93' title='bbox 160 1659 338 1709; x_wconf 76' lang='lat' dir='ltr'><strong>carreriam</strong></span> <span class='ocrx_word' id='word_1_94' title='bbox 364 1648 442 1710; x_wconf 88' lang='lat' dir='ltr'><strong>anta</strong></span> <span class='ocrx_word' id='word_1_95' title='bbox 467 1642 674 1712; x_wconf 88' lang='lat' dir='ltr'><strong>natiuitatem</strong></span> <span class='ocrx_word' id='word_1_96' title='bbox 700 1639 825 1712; x_wconf 92' lang='lat' dir='ltr'><strong>domini</strong></span> <span class='ocrx_word' id='word_1_97' title='bbox 852 1640 1008 1715; x_wconf 89' lang='lat' dir='ltr'><strong>studeant</strong></span> <span class='ocrx_word' id='word_1_98' title='bbox 1033 1645 1068 1712; x_wconf 90' lang='lat' dir='ltr'><strong>in</strong></span> <span class='ocrx_word' id='word_1_99' title='bbox 1094 1639 1195 1712; x_wconf 92' lang='lat' dir='ltr'><strong>domo</strong></span> <span class='ocrx_word' id='word_1_100' title='bbox 1209 1641 1346 1734; x_wconf 91' lang='lat' dir='ltr'><strong>propria</strong></span> <span class='ocrx_word' id='word_1_101' title='bbox 1364 1643 1534 1726; x_wconf 76' lang='lat' dir='ltr'><strong>ieiunare,</strong></span> 
     </span>
     <span class='ocr_line' id='line_1_13' title="bbox 160 1735 1535 1838; baseline 0.001 -31"><span class='ocrx_word' id='word_1_102' title='bbox 160 1735 355 1810; x_wconf 90' lang='lat' dir='ltr'><strong>mulieribus</strong></span> <span class='ocrx_word' id='word_1_103' title='bbox 382 1759 528 1834; x_wconf 91' lang='lat' dir='ltr'><strong>quoque,</strong></span> <span class='ocrx_word' id='word_1_104' title='bbox 554 1761 619 1834; x_wconf 88' lang='lat' dir='ltr'><strong>que</strong></span> <span class='ocrx_word' id='word_1_105' title='bbox 644 1761 714 1812; x_wconf 94' lang='lat' dir='ltr'><strong>non</strong></span> <span class='ocrx_word' id='word_1_106' title='bbox 738 1739 928 1837; x_wconf 83' lang='lat' dir='ltr'><strong>baptizatos</strong></span> <span class='ocrx_word' id='word_1_107' title='bbox 964 1737 1050 1838; x_wconf 91' lang='lat' dir='ltr'><strong>apud</strong></span> <span class='ocrx_word' id='word_1_108' title='bbox 1086 1761 1125 1814; x_wconf 91' lang='lat' dir='ltr'><strong>se</strong></span> <span class='ocrx_word' id='word_1_109' title='bbox 1160 1761 1287 1836; x_wconf 88' lang='lat' dir='ltr'><strong>pueros</strong></span> <span class='ocrx_word' id='word_1_110' title='bbox 1321 1741 1535 1830; x_wconf 90' lang='lat' dir='ltr'><strong>inuenerunt,</strong></span> 
     </span>
     <span class='ocr_line' id='line_1_14' title="bbox 161 1837 1532 1936; baseline 0.001 -29"><span class='ocrx_word' id='word_1_111' title='bbox 161 1847 238 1908; x_wconf 90' lang='lat' dir='ltr'><strong>octo</strong></span> <span class='ocrx_word' id='word_1_112' title='bbox 268 1837 341 1910; x_wconf 91' lang='lat' dir='ltr'><strong>dies</strong></span> <span class='ocrx_word' id='word_1_113' title='bbox 368 1859 524 1930; x_wconf 84' lang='lat' dir='ltr'><strong>carrena,</strong></span> <span class='ocrx_word' id='word_1_114' title='bbox 551 1849 585 1910; x_wconf 92' lang='lat' dir='ltr'><strong>et</strong></span> <span class='ocrx_word' id='word_1_115' title='bbox 610 1863 733 1912; x_wconf 89' lang='lat' dir='ltr'><strong>annum</strong></span> <span class='ocrx_word' id='word_1_116' title='bbox 757 1841 1018 1936; x_wconf 91' lang='lat' dir='ltr'><strong>penitencialem</strong></span> <span class='ocrx_word' id='word_1_117' title='bbox 1044 1839 1314 1912; x_wconf 86' lang='lat' dir='ltr'><strong>misericorditer</strong></span> <span class='ocrx_word' id='word_1_118' title='bbox 1326 1839 1532 1911; x_wconf 85' lang='lat' dir='ltr'><strong>relaxamus.</strong></span> 
     </span>
     <span class='ocr_line' id='line_1_15' title="bbox 159 1934 1535 2034; baseline 0.001 -26"><span class='ocrx_word' id='word_1_119' title='bbox 159 1934 373 2010; x_wconf 89' lang='lat' dir='ltr'><strong>Uencrabilis</strong></span> <span class='ocrx_word' id='word_1_120' title='bbox 400 1939 501 2010; x_wconf 89' lang='lat' dir='ltr'><strong>etiam</strong></span> <span class='ocrx_word' id='word_1_121' title='bbox 526 1949 624 2034; x_wconf 86' lang='lat' dir='ltr'><strong>pater</strong></span> <span class='ocrx_word' id='word_1_122' title='bbox 649 1963 689 2014; x_wconf 88' lang='lat' dir='ltr'><strong>ac</strong></span> <span class='ocrx_word' id='word_1_123' title='bbox 714 1937 868 2014; x_wconf 89' lang='lat' dir='ltr'><strong>dominus</strong></span> <span class='ocrx_word' id='word_1_124' title='bbox 902 1951 1022 2013; x_wconf 88' lang='lat' dir='ltr'><strong>noster</strong></span> <span class='ocrx_word' id='word_1_125' title='bbox 1048 1939 1325 2034; x_wconf 87' lang='lat' dir='ltr'><strong>archiepiscopus</strong></span> <span class='ocrx_word' id='word_1_126' title='bbox 1352 1961 1535 2032; x_wconf 87' lang='lat' dir='ltr'><strong>magun-</strong></span> 
     </span>
     <span class='ocr_line' id='line_1_16' title="bbox 160 2033 1535 2136; baseline 0.003 -30"><span class='ocrx_word' id='word_1_127' title='bbox 160 2037 284 2108; x_wconf 88' lang='lat' dir='ltr'><strong>tinus</strong></span> <span class='ocrx_word' id='word_1_128' title='bbox 312 2033 384 2110; x_wconf 89' lang='lat' dir='ltr'><strong>dies</strong></span> <span class='ocrx_word' id='word_1_129' title='bbox 411 2037 642 2134; x_wconf 86' lang='lat' dir='ltr'><strong>quadraginta,</strong></span> <span class='ocrx_word' id='word_1_130' title='bbox 669 2049 704 2111; x_wconf 91' lang='lat' dir='ltr'><strong>et</strong></span> <span class='ocrx_word' id='word_1_131' title='bbox 728 2039 949 2114; x_wconf 81' lang='lat' dir='ltr'><strong>honorabiles</strong></span> <span class='ocrx_word' id='word_1_132' title='bbox 975 2040 1098 2114; x_wconf 88' lang='lat' dir='ltr'><strong>fratres</strong></span> <span class='ocrx_word' id='word_1_133' title='bbox 1135 2063 1177 2111; x_wconf 87' lang='lat' dir='ltr'><strong>ac</strong></span> <span class='ocrx_word' id='word_1_134' title='bbox 1210 2039 1334 2110; x_wconf 91' lang='lat' dir='ltr'><strong>domini</strong></span> <span class='ocrx_word' id='word_1_135' title='bbox 1369 2039 1535 2136; x_wconf 89' lang='lat' dir='ltr'><strong>episcopi,</strong></span> 
     </span>
     <span class='ocr_line' id='line_1_17' title="bbox 161 2133 1536 2234; baseline 0.002 -28"><span class='ocrx_word' id='word_1_136' title='bbox 161 2133 316 2210; x_wconf 92' lang='lat' dir='ltr'><strong>dominus</strong></span> <span class='ocrx_word' id='word_1_137' title='bbox 342 2137 744 2233; x_wconf 87' lang='lat' dir='ltr'><strong>merseburgensis</strong></span> <span class='ocrx_word' id='word_1_138' title='bbox 779 2139 852 2214; x_wconf 91' lang='lat' dir='ltr'><strong>dies</strong></span> <span class='ocrx_word' id='word_1_139' title='bbox 885 2139 1126 2234; x_wconf 86' lang='lat' dir='ltr'><strong>quadraginta,</strong></span> <span class='ocrx_word' id='word_1_140' title='bbox 1159 2138 1313 2212; x_wconf 91' lang='lat' dir='ltr'><strong>dominus</strong></span> <span class='ocrx_word' id='word_1_141' title='bbox 1352 2159 1536 2210; x_wconf 85' lang='lat' dir='ltr'><strong>nuwen-</strong></span> 
     </span>
     <span class='ocr_line' id='line_1_18' title="bbox 161 2234 1536 2336; baseline 0.004 -31"><span class='ocrx_word' id='word_1_142' title='bbox 161 2234 409 2330; x_wconf 85' lang='lat' dir='ltr'><strong>burgensis</strong></span> <span class='ocrx_word' id='word_1_143' title='bbox 436 2237 509 2312; x_wconf 88' lang='lat' dir='ltr'><strong>dies</strong></span> <span class='ocrx_word' id='word_1_144' title='bbox 536 2237 775 2336; x_wconf 88' lang='lat' dir='ltr'><strong>quadraginta,</strong></span> <span class='ocrx_word' id='word_1_145' title='bbox 799 2239 953 2314; x_wconf 88' lang='lat' dir='ltr'><strong>dominus</strong></span> <span class='ocrx_word' id='word_1_146' title='bbox 980 2242 1258 2312; x_wconf 88' lang='lat' dir='ltr'><strong>eistetensis</strong></span> <span class='ocrx_word' id='word_1_147' title='bbox 1286 2235 1358 2310; x_wconf 90' lang='lat' dir='ltr'><strong>dies</strong></span> <span class='ocrx_word' id='word_1_148' title='bbox 1386 2237 1536 2332; x_wconf 89' lang='lat' dir='ltr'><strong>quadra-</strong></span> 
     </span>
     <span class='ocr_line' id='line_1_19' title="bbox 162 2335 1539 2434; baseline 0.001 -28"><span class='ocrx_word' id='word_1_149' title='bbox 162 2337 255 2428; x_wconf 85' lang='lat' dir='ltr'><strong>ginta</strong></span> <span class='ocrx_word' id='word_1_150' title='bbox 290 2335 443 2414; x_wconf 90' lang='lat' dir='ltr'><strong>omnibus</strong></span> <span class='ocrx_word' id='word_1_151' title='bbox 476 2337 629 2434; x_wconf 88' lang='lat' dir='ltr'><strong>predicte</strong></span> <span class='ocrx_word' id='word_1_152' title='bbox 662 2339 791 2412; x_wconf 93' lang='lat' dir='ltr'><strong>fabrice</strong></span> <span class='ocrx_word' id='word_1_153' title='bbox 824 2339 1099 2412; x_wconf 87' lang='lat' dir='ltr'><strong>benefactoribus</strong></span> <span class='ocrx_word' id='word_1_154' title='bbox 1133 2359 1217 2410; x_wconf 88' lang='lat' dir='ltr'><strong>uere</strong></span> <span class='ocrx_word' id='word_1_155' title='bbox 1248 2337 1477 2432; x_wconf 86' lang='lat' dir='ltr'><strong>penitentibus</strong></span> <span class='ocrx_word' id='word_1_156' title='bbox 1504 2349 1539 2408; x_wconf 92' lang='lat' dir='ltr'><strong>et</strong></span> 
     </span>
     <span class='ocr_line' id='line_1_20' title="bbox 163 2435 1537 2534; baseline 0.001 -27"><span class='ocrx_word' id='word_1_157' title='bbox 163 2435 334 2511; x_wconf 84' lang='lat' dir='ltr'><strong>confessis</strong></span> <span class='ocrx_word' id='word_1_158' title='bbox 361 2437 403 2510; x_wconf 89' lang='lat' dir='ltr'><strong>de</strong></span> <span class='ocrx_word' id='word_1_159' title='bbox 428 2439 584 2511; x_wconf 88' lang='lat' dir='ltr'><strong>iniunctis</strong></span> <span class='ocrx_word' id='word_1_160' title='bbox 612 2437 675 2512; x_wconf 93' lang='lat' dir='ltr'><strong>sibi</strong></span> <span class='ocrx_word' id='word_1_161' title='bbox 701 2441 902 2534; x_wconf 90' lang='lat' dir='ltr'><strong>penitenoiis</strong></span> <span class='ocrx_word' id='word_1_162' title='bbox 935 2437 1142 2512; x_wconf 86' lang='lat' dir='ltr'><strong>relaxandos</strong></span> <span class='ocrx_word' id='word_1_163' title='bbox 1176 2437 1444 2510; x_wconf 88' lang='lat' dir='ltr'><strong>misericorditer</strong></span> <span class='ocrx_word' id='word_1_164' title='bbox 1469 2435 1537 2508; x_wconf 90' lang='lat' dir='ltr'><strong>de-</strong></span> 
     </span>
     <span class='ocr_line' id='line_1_21' title="bbox 163 2533 1538 2634; baseline 0 -28"><span class='ocrx_word' id='word_1_165' title='bbox 163 2546 353 2608; x_wconf 88' lang='lat' dir='ltr'><strong>creuerunt.</strong></span> <span class='ocrx_word' id='word_1_166' title='bbox 406 2535 567 2612; x_wconf 88' lang='lat' dir='ltr'><strong>Omnibus</strong></span> <span class='ocrx_word' id='word_1_167' title='bbox 605 2542 718 2634; x_wconf 89' lang='lat' dir='ltr'><strong>itaque</strong></span> <span class='ocrx_word' id='word_1_168' title='bbox 745 2538 999 2630; x_wconf 90' lang='lat' dir='ltr'><strong>sacerdotibus,</strong></span> <span class='ocrx_word' id='word_1_169' title='bbox 1032 2543 1067 2610; x_wconf 95' lang='lat' dir='ltr'><strong>in</strong></span> <span class='ocrx_word' id='word_1_170' title='bbox 1106 2537 1173 2610; x_wconf 93' lang='lat' dir='ltr'><strong>boo</strong></span> <span class='ocrx_word' id='word_1_171' title='bbox 1210 2539 1358 2628; x_wconf 90' lang='lat' dir='ltr'><strong>negocio</strong></span> <span class='ocrx_word' id='word_1_172' title='bbox 1392 2533 1538 2608; x_wconf 87' lang='lat' dir='ltr'><strong>fideliter</strong></span> 
     </span>
     <span class='ocr_line' id='line_1_22' title="bbox 162 2633 1536 2732; baseline 0.004 -27"><span class='ocrx_word' id='word_1_173' title='bbox 162 2633 405 2727; x_wconf 90' lang='lat' dir='ltr'><strong>laborantibus,</strong></span> <span class='ocrx_word' id='word_1_174' title='bbox 430 2641 460 2709; x_wconf 90' lang='lat' dir='ltr'><strong>si</strong></span> <span class='ocrx_word' id='word_1_175' title='bbox 486 2638 562 2732; x_wconf 87' lang='lat' dir='ltr'><strong>quid</strong></span> <span class='ocrx_word' id='word_1_176' title='bbox 586 2641 621 2712; x_wconf 93' lang='lat' dir='ltr'><strong>in</strong></span> <span class='ocrx_word' id='word_1_177' title='bbox 647 2639 761 2712; x_wconf 93' lang='lat' dir='ltr'><strong>diuino</strong></span> <span class='ocrx_word' id='word_1_178' title='bbox 789 2639 926 2729; x_wconf 84' lang='lat' dir='ltr'><strong>oficio,</strong></span> <span class='ocrx_word' id='word_1_179' title='bbox 958 2643 993 2710; x_wconf 92' lang='lat' dir='ltr'><strong>in</strong></span> <span class='ocrx_word' id='word_1_180' title='bbox 1025 2642 1141 2712; x_wconf 91' lang='lat' dir='ltr'><strong>missis</strong></span> <span class='ocrx_word' id='word_1_181' title='bbox 1181 2647 1215 2708; x_wconf 92' lang='lat' dir='ltr'><strong>et</strong></span> <span class='ocrx_word' id='word_1_182' title='bbox 1240 2635 1334 2708; x_wconf 91' lang='lat' dir='ltr'><strong>boris</strong></span> <span class='ocrx_word' id='word_1_183' title='bbox 1362 2639 1536 2710; x_wconf 87' lang='lat' dir='ltr'><strong>canonicis</strong></span> 
     </span>
     <span class='ocr_line' id='line_1_23' title="bbox 162 2735 1541 2834; baseline 0.001 -28"><span class='ocrx_word' id='word_1_184' title='bbox 162 2735 305 2808; x_wconf 85' lang='lat' dir='ltr'><strong>forsitan</strong></span> <span class='ocrx_word' id='word_1_185' title='bbox 346 2735 579 2829; x_wconf 89' lang='lat' dir='ltr'><strong>obmiserunt,</strong></span> <span class='ocrx_word' id='word_1_186' title='bbox 611 2761 696 2812; x_wconf 91' lang='lat' dir='ltr'><strong>uere</strong></span> <span class='ocrx_word' id='word_1_187' title='bbox 728 2741 955 2834; x_wconf 90' lang='lat' dir='ltr'><strong>penitentibus</strong></span> <span class='ocrx_word' id='word_1_188' title='bbox 991 2747 1026 2810; x_wconf 90' lang='lat' dir='ltr'><strong>et</strong></span> <span class='ocrx_word' id='word_1_189' title='bbox 1061 2737 1233 2810; x_wconf 89' lang='lat' dir='ltr'><strong>confessis</strong></span> <span class='ocrx_word' id='word_1_190' title='bbox 1271 2735 1541 2810; x_wconf 88' lang='lat' dir='ltr'><strong>misericorditer</strong></span> 
     </span>
     <span class='ocr_line' id='line_1_24' title="bbox 165 2834 1540 2934; baseline 0.001 -29"><span class='ocrx_word' id='word_1_191' title='bbox 165 2834 407 2928; x_wconf 90' lang='lat' dir='ltr'><strong>condonamus,</strong></span> <span class='ocrx_word' id='word_1_192' title='bbox 432 2842 604 2914; x_wconf 81' lang='lat' dir='ltr'><strong>uniuersis</strong></span> <span class='ocrx_word' id='word_1_193' title='bbox 638 2851 673 2912; x_wconf 90' lang='lat' dir='ltr'><strong>et</strong></span> <span class='ocrx_word' id='word_1_194' title='bbox 698 2840 842 2934; x_wconf 88' lang='lat' dir='ltr'><strong>singulis</strong></span> <span class='ocrx_word' id='word_1_195' title='bbox 868 2839 966 2912; x_wconf 86' lang='lat' dir='ltr'><strong>uobis</strong></span> <span class='ocrx_word' id='word_1_196' title='bbox 993 2837 1228 2911; x_wconf 88' lang='lat' dir='ltr'><strong>sacerdotibus</strong></span> <span class='ocrx_word' id='word_1_197' title='bbox 1262 2840 1488 2930; x_wconf 86' lang='lat' dir='ltr'><strong>iniungentes·</strong></span> <span class='ocrx_word' id='word_1_198' title='bbox 1506 2839 1540 2908; x_wconf 94' lang='lat' dir='ltr'><strong>in</strong></span> 
     </span>
     <span class='ocr_line' id='line_1_25' title="bbox 164 2935 1538 3036; baseline 0.004 -30"><span class='ocrx_word' id='word_1_199' title='bbox 164 2938 401 3008; x_wconf 91' lang='lat' dir='ltr'><strong>remissionem</strong></span> <span class='ocrx_word' id='word_1_200' title='bbox 425 2941 669 3034; x_wconf 88' lang='lat' dir='ltr'><strong>peccaminum,</strong></span> <span class='ocrx_word' id='word_1_201' title='bbox 694 2950 731 3012; x_wconf 88' lang='lat' dir='ltr'><strong>ut</strong></span> <span class='ocrx_word' id='word_1_202' title='bbox 744 2937 884 3036; x_wconf 91' lang='lat' dir='ltr'><strong>quilibet</strong></span> <span class='ocrx_word' id='word_1_203' title='bbox 900 2949 1051 3013; x_wconf 91' lang='lat' dir='ltr'><strong>uestrum</strong></span> <span class='ocrx_word' id='word_1_204' title='bbox 1068 2939 1150 3012; x_wconf 91' lang='lat' dir='ltr'><strong>duas</strong></span> <span class='ocrx_word' id='word_1_205' title='bbox 1164 2939 1288 3011; x_wconf 90' lang='lat' dir='ltr'><strong>missas</strong></span> <span class='ocrx_word' id='word_1_206' title='bbox 1303 2959 1365 3032; x_wconf 91' lang='lat' dir='ltr'><strong>pro</strong></span> <span class='ocrx_word' id='word_1_207' title='bbox 1383 2935 1538 3011; x_wconf 90' lang='lat' dir='ltr'><strong>omnibus</strong></span> 
     </span>
     <span class='ocr_line' id='line_1_26' title="bbox 165 3032 1540 3136; baseline 0.001 -31"><span class='ocrx_word' id='word_1_208' title='bbox 165 3032 438 3112; x_wconf 86' lang='lat' dir='ltr'><strong>benefactoribus</strong></span> <span class='ocrx_word' id='word_1_209' title='bbox 465 3039 615 3112; x_wconf 83' lang='lat' dir='ltr'><strong>ecclesie</strong></span> <span class='ocrx_word' id='word_1_210' title='bbox 641 3039 729 3112; x_wconf 90' lang='lat' dir='ltr'><strong>dicte</strong></span> <span class='ocrx_word' id='word_1_211' title='bbox 754 3061 817 3136; x_wconf 93' lang='lat' dir='ltr'><strong>pro</strong></span> <span class='ocrx_word' id='word_1_212' title='bbox 852 3039 962 3114; x_wconf 90' lang='lat' dir='ltr'><strong>salute</strong></span> <span class='ocrx_word' id='word_1_213' title='bbox 985 3043 1164 3130; x_wconf 90' lang='lat' dir='ltr'><strong>uiuorum,</strong></span> <span class='ocrx_word' id='word_1_214' title='bbox 1200 3037 1340 3110; x_wconf 88' lang='lat' dir='ltr'><strong>alteram</strong></span> <span class='ocrx_word' id='word_1_215' title='bbox 1375 3059 1438 3134; x_wconf 89' lang='lat' dir='ltr'><strong>pro</strong></span> <span class='ocrx_word' id='word_1_216' title='bbox 1472 3035 1540 3108; x_wconf 88' lang='lat' dir='ltr'><strong>de-</strong></span> 
     </span>
     <span class='ocr_line' id='line_1_27' title="bbox 166 3132 1540 3234; baseline 0.004 -31"><span class='ocrx_word' id='word_1_217' title='bbox 166 3132 287 3209; x_wconf 91' lang='lat' dir='ltr'><strong>functis</strong></span> <span class='ocrx_word' id='word_1_218' title='bbox 315 3139 460 3231; x_wconf 91' lang='lat' dir='ltr'><strong>singulis</strong></span> <span class='ocrx_word' id='word_1_219' title='bbox 485 3135 684 3212; x_wconf 90' lang='lat' dir='ltr'><strong>ebdomadis</strong></span> <span class='ocrx_word' id='word_1_220' title='bbox 710 3139 886 3232; x_wconf 89' lang='lat' dir='ltr'><strong>decantet,</strong></span> <span class='ocrx_word' id='word_1_221' title='bbox 919 3143 954 3210; x_wconf 93' lang='lat' dir='ltr'><strong>in</strong></span> <span class='ocrx_word' id='word_1_222' title='bbox 988 3137 1063 3231; x_wconf 90' lang='lat' dir='ltr'><strong>die,</strong></span> <span class='ocrx_word' id='word_1_223' title='bbox 1098 3161 1161 3234; x_wconf 91' lang='lat' dir='ltr'><strong>qua</strong></span> <span class='ocrx_word' id='word_1_224' title='bbox 1188 3139 1375 3209; x_wconf 89' lang='lat' dir='ltr'><strong>cantanerit</strong></span> <span class='ocrx_word' id='word_1_225' title='bbox 1400 3139 1540 3212; x_wconf 84' lang='lat' dir='ltr'><strong>missam</strong></span> 
     </span>
     <span class='ocr_line' id='line_1_28' title="bbox 161 3235 1581 3333; baseline 0.001 -28"><span class='ocrx_word' id='word_1_226' title='bbox 161 3235 285 3328; x_wconf 71' lang='lat' dir='ltr'><strong>ipsam,</strong></span> <span class='ocrx_word' id='word_1_227' title='bbox 311 3237 437 3333; x_wconf 90' lang='lat' dir='ltr'><strong>populo</strong></span> <span class='ocrx_word' id='word_1_228' title='bbox 464 3237 671 3312; x_wconf 89' lang='lat' dir='ltr'><strong>denuncians</strong></span> <span class='ocrx_word' id='word_1_229' title='bbox 696 3239 947 3333; x_wconf 90' lang='lat' dir='ltr'><strong>indulgenciam</strong></span> <span class='ocrx_word' id='word_1_230' title='bbox 985 3251 1019 3311; x_wconf 94' lang='lat' dir='ltr'><strong>et</strong></span> <span class='ocrx_word' id='word_1_231' title='bbox 1045 3239 1231 3312; x_wconf 87' lang='lat' dir='ltr'><strong>exhortans</strong></span> <span class='ocrx_word' id='word_1_232' title='bbox 1258 3239 1387 3332; x_wconf 90' lang='lat' dir='ltr'><strong>ipsum,</strong></span> <span class='ocrx_word' id='word_1_233' title='bbox 1413 3247 1450 3308; x_wconf 91' lang='lat' dir='ltr'><strong>ut</strong></span> <span class='ocrx_word' id='word_1_234' title='bbox 1475 3260 1540 3308; x_wconf 88' lang='lat' dir='ltr'><strong>ec·</strong></span> <span class='ocrx_word' id='word_1_235' title='bbox 1578 3313 1581 3324; x_wconf 16' lang='grc' dir='ltr'>λ</span> 
     </span>
     <span class='ocr_line' id='line_1_29' title="bbox 168 3333 1540 3430; baseline 0.002 -26"><span class='ocrx_word' id='word_1_236' title='bbox 168 3333 274 3406; x_wconf 89' lang='lat' dir='ltr'><strong>olesie</strong></span> <span class='ocrx_word' id='word_1_237' title='bbox 300 3335 478 3410; x_wconf 92' lang='lat' dir='ltr'><strong>subueniat</strong></span> <span class='ocrx_word' id='word_1_238' title='bbox 503 3349 701 3413; x_wconf 89' lang='lat' dir='ltr'><strong>memorato.</strong></span> <span class='ocrx_word' id='word_1_239' title='bbox 753 3339 875 3412; x_wconf 92' lang='lat' dir='ltr'><strong>Daturn</strong></span> <span class='ocrx_word' id='word_1_240' title='bbox 902 3337 1119 3430; x_wconf 87' lang='lat' dir='ltr'><strong>Wircebure,</strong></span> <span class='ocrx_word' id='word_1_241' title='bbox 1143 3333 1298 3410; x_wconf 88' lang='lat' dir='ltr'><strong>kalendis</strong></span> <span class='ocrx_word' id='word_1_242' title='bbox 1325 3335 1426 3427; x_wconf 82' lang='lat' dir='ltr'><strong>Maii,</strong></span> <span class='ocrx_word' id='word_1_243' title='bbox 1452 3357 1540 3408; x_wconf 88' lang='lat' dir='ltr'><strong>anno</strong></span> 
     </span>
     <span class='ocr_line' id='line_1_30' title="bbox 168 3435 1539 3536; baseline -0.001 -30"><span class='ocrx_word' id='word_1_244' title='bbox 168 3439 274 3524; x_wconf 84' lang='lat' dir='ltr'><strong>gretie</strong></span> <span class='ocrx_word' id='word_1_245' title='bbox 299 3435 358 3509; x_wconf 72' lang='lat' dir='ltr'><strong>itio·</strong></span> <span class='ocrx_word' id='word_1_246' title='bbox 390 3437 472 3510; x_wconf 76' lang='lat'><strong>00⁰·</strong></span> <span class='ocrx_word' id='word_1_247' title='bbox 504 3439 627 3512; x_wconf 85' lang='lat' dir='ltr'><strong>XXX0·</strong></span> <span class='ocrx_word' id='word_1_248' title='bbox 659 3438 765 3531; x_wconf 70' lang='lat' dir='ltr'><strong>vlle,</strong></span> <span class='ocrx_word' id='word_1_249' title='bbox 804 3443 1021 3536; x_wconf 86' lang='lat' dir='ltr'><strong>episcopatus</strong></span> <span class='ocrx_word' id='word_1_250' title='bbox 1058 3443 1168 3513; x_wconf 88' lang='lat' dir='ltr'><strong>nostri</strong></span> <span class='ocrx_word' id='word_1_251' title='bbox 1205 3457 1293 3508; x_wconf 89' lang='lat' dir='ltr'><strong>anno</strong></span> <span class='ocrx_word' id='word_1_252' title='bbox 1328 3435 1539 3512; x_wconf 90' lang='lat' dir='ltr'><strong>duodecimo.</strong></span> 
     </span>
    </p>
   </div>
   <div class='ocr_carea' id='block_1_3' title="bbox 286 3637 1010 3722">
    <p class='ocr_par' dir='ltr' id='par_1_3' title="bbox 286 3637 1010 3722">
     <span class='ocr_line' id='line_1_31' title="bbox 286 3637 1010 3722; baseline 0.001 -21"><span class='ocrx_word' id='word_1_253' title='bbox 286 3640 290 3658; x_wconf 72' lang='lat'>⁸</span> <span class='ocrx_word' id='word_1_254' title='bbox 374 3637 468 3721; x_wconf 86' lang='lat' dir='ltr'><strong>Sigillf</strong></span> <span class='ocrx_word' id='word_1_255' title='bbox 491 3643 612 3720; x_wconf 88' lang='lat' dir='ltr'><strong>appensi</strong></span> <span class='ocrx_word' id='word_1_256' title='bbox 635 3657 705 3720; x_wconf 90' lang='lat' dir='ltr'><strong>pars</strong></span> <span class='ocrx_word' id='word_1_257' title='bbox 727 3645 838 3703; x_wconf 90' lang='lat' dir='ltr'><strong>minuta</strong></span> <span class='ocrx_word' id='word_1_258' title='bbox 860 3647 1010 3722; x_wconf 90' lang='lat' dir='ltr'><strong>superest.</strong></span> 
     </span>
    </p>
   </div>
   <div class='ocr_carea' id='block_1_4' title="bbox 0 0 1901 4728">
    <p class='ocr_par' dir='ltr' id='par_1_4' title="bbox 0 0 1901 4728">
     <span class='ocr_line' id='line_1_32' title="bbox 0 0 1901 4728; baseline 0 0"><span class='ocrx_word' id='word_1_259' title='bbox 0 0 1901 4728; x_wconf 95' lang='lat' dir='ltr'><strong> </strong></span> 
     </span>
    </p>
   </div>
  </div>
 </body>
</html>
