3774 4728
292 463 363 538 422
872 457 1090 534 hlonuureule

290 667 396 727 nosire
408 663 618 738 lesilruouiuru,
641 661 756 723 civille
772 659 918 742 Gerlui,
942 675 1030 740 quun
1052 664 1155 722 uoslre
1170 659 1314 722 dederuul
1332 659 1463 722 ecclesie
1485 665 1513 722 iu
1533 663 1674 742 proprie-

291 755 381 813 ierem
406 753 435 808 ei
455 751 487 808 iu
510 752 687 824 resleurunr,
711 755 741 809 ei
762 745 912 810 buhebuul
933 753 962 810 br
975 742 1065 805 leudo
1089 745 1155 808 loco
1178 745 1294 808 decime
1310 752 1474 807 ineruerelo
1498 753 1527 808 ei
1541 750 1673 808 eiiiueu-

291 837 362 897 ilum
382 837 541 913 presentes
564 831 678 893 liiieras
701 831 831 915 desuper
865 835 1049 912 conscriptes
1071 829 1206 894 dedimus
1239 831 1339 914 sigillo
1368 837 1471 892 nostro
1505 837 1535 894 ei
1568 831 1674 916 sigillis

290 918 409 1001 cepiiuli
430 920 525 980 nosiri
548 935 584 978 ee
604 920 736 997 ipsorum
759 923 898 982 consilum
921 919 960 980 de
983 915 1102 978 llesiele
1125 916 1247 978 bruiller
1269 919 1475 979 communitas,
1513 915 1607 979 lluius
1630 921 1675 978 rei

292 1011 388 1068 iesles
411 1009 497 1066 suni:
520 1000 623 1083 Boppo
639 1002 677 1064 de
693 1003 864 1086 'irimperch
879 1006 1059 1086 prepositus,
1082 1001 1240 1066 Berioldus
1257 1001 1295 1065 de
1311 1000 1514 1064 Sierenbercb
1530 1001 1674 1073 decenus,

291 1083 447 1153 cunradus
469 1087 507 1150 de
528 1087 633 1150 Durne
655 1091 852 1166 scolasticus,
884 1087 1041 1152 cunradus
1069 1087 1107 1149 de
1130 1087 1264 1150 'lelbeiru
1298 1095 1420 1164 ceulor,
1454 1085 1609 1150 Cunrerlns
1637 1087 1676 1150 de

289 1174 507 1259 Engersherge
530 1173 723 1252 cellerarius,
758 1173 827 1238 Oilo
850 1175 889 1237 de
911 1173 1087 1238 Lorleburclr
1110 1180 1230 1252 ousios,
1256 1171 1420 1238 ,henredus
1452 1172 1490 1235 de
1513 1173 1677 1237 liolieuhur

290 1263 499 1344 porleuerius,
532 1257 602 1320 Olio
634 1257 673 1321 de
694 1258 898 1338 buierberch,
927 1258 1124 1342 llenegoldus
1157 1259 1196 1321 de
1217 1257 1429 1322 Nuweuhurcb
1451 1263 1622 1340 prepositus
1642 1263 1675 1320 in

176 1365 178 1378 ¹
291 1345 418 1430 Heuge,
449 1343 591 1408 Alborlus
622 1342 660 1406 de
682 1344 859 1408 Lodehurcb
889 1354 920 1408 ei
947 1347 994 1408 alii
1018 1349 1154 1406 canonici
1176 1345 1423 1426 herbipolenses3
1447 1343 1538 1406 lreier
1559 1343 1675 1407 Vlricus

292 1429 525 1508 cemmendalor,
549 1428 642 1491 irater
664 1429 822 1495 herioldus
845 1431 999 1510 sacerdos,
1023 1437 1052 1491 ei
1074 1427 1165 1494 lraler
1186 1429 1372 1494 lleiubardus
1394 1429 1561 1509 sacerdos,
1585 1429 1675 1494 ireier

293 1514 445 1579 Goilridus
467 1514 505 1577 de
528 1513 677 1594 Allenbol,
701 1514 792 1579 lraier
814 1515 972 1580 Heinricus
996 1518 1034 1579 de
1055 1515 1194 1595 Rinherc,
1217 1515 1310 1578 lraier
1324 1514 1495 1578 Wellberus
1518 1514 1556 1577 de
1571 1515 1676 1578 Bihel-

291 1601 379 1680 rleih,
402 1599 494 1663 lraier
515 1598 685 1662 Fridcricus
708 1609 821 1682 custos,
845 1601 934 1666 irater
956 1601 1082 1667 Silridus
1104 1601 1291 1678 cellerarius,
1313 1601 1406 1664 lreier
1428 1599 1622 1684 Scblliuugus
1645 1607 1678 1663 ei

293 1687 341 1750 alli
365 1685 473 1749 irelres
494 1683 600 1747 doinus
624 1685 794 1768 bospilelis;
828 1686 1006 1751 Ludewicus
1036 1705 1138 1749 comes
1172 1684 1210 1748 de
1233 1684 1404 1770 Olbingen,
1437 1685 1615 1749 budewlcus
1637 1685 1678 1750 de

291 1771 489 1850 Kolieubelnr,
511 1767 587 1832 Vibo
610 1769 734 1852 dapifer,
756 1771 967 1857 liugelherdus
989 1773 1027 1837 de
1049 1772 1174 1852 Warue,
1196 1771 1339 1834 Alherius
1364 1771 1461 1850 Cirle,
1490 1771 1607 1834 Vbicus
1637 1771 1677 1834 de

293 1856 526 1934 Wisenbruuue,
549 1855 691 1918 Alberius
714 1855 855 1936 Scbiurel‚
877 1859 1048 1922 iuuencos
1072 1865 1101 1919 el
1124 1855 1281 1920 Berloldus
1305 1857 1374 1920 dicii
1396 1855 1529 1936 llllholz,
1561 1853 1678 1920 ilricus

295 1950 326 2006 ei
348 1939 505 2006 Conradus
538 1939 608 2003 dicii
630 1941 742 2004 Vrllreu
754 1989 764 2022 ,
798 1943 922 2007 lbiemo
943 1945 982 2006 de
1003 1939 1152 2021 Osiheim,
1187 1942 1344 2006 Berioldus
1377 1942 1416 2004 de
1470 1943 1678 2023 wenenhere,

293 2025 492 2109 hlerquerdus
514 2025 553 2089 de
568 2027 741 2112 Lurungeu,
763 2028 921 2094 lleiurlcus
944 2029 982 2092 de
997 2027 1202 2092 llennenlieirn
1225 2034 1256 2090 el
1270 2029 1319 2090 elii
1335 1943 1547 2110 qrrenrffiures.
1570 2030 1679 2092 Delum

296 2132 374 2176 euno
397 2111 507 2176 dorulnl
529 2111 659 2260 bldCCbX
681 2118 807 2196 quinio,
829 2115 926 2180 idibus
941 2116 966 2192 ¹)
987 2115 1158 2190 Februarii,
1181 2111 1341 2179 indictione
1362 2113 1455 2194 viii,
1487 2115 1678 2197 poniilieaius

295 2202 388 2264 nosirl
411 2215 489 2262 euno
513 2217 552 2260 vn
574 2203 680 2264 ecimo.

506 2367 610 2452 Sigille
633 2367 723 2454 lrlngi
746 2374 878 2452 episcopi
902 2376 931 2433 ei
952 2368 1113 2433 Hermenui
1135 2374 1252 2434 comilis
1274 2367 1453 2454 appendent.

501 2477 619 2545 suum
640 2484 671 2544 iu
692 2479 786 2568 liger
808 2481 987 2566 §esebiclrie
1008 2483 1234 2550 Freulierdeuds
1255 2481 1302 2549 iii.
1325 2503 1394 2571 pag.
1417 2479 1477 2551 isi
1501 2483 1553 2549 Nr.
1575 2480 1649 2548 ixi.

510 2589 538 2671 ¹)
559 2591 684 2658 cuein
706 2591 828 2675 „ldus“.

885 2924 1090 3001 ccclxvi.

745 3125 835 3190 Auno
859 3119 962 3206 less,
984 3123 1036 3190 22.
1058 3125 1222 3191 Februarii.

299 3308 434 3402 iringus
460 3306 712 3404 herbipolensis
738 3313 920 3408 episeopus
947 3311 1036 3384 bone
1063 3313 1095 3382 in
1121 3309 1274 3407 Rimpbr,
1300 3333 1388 3406 quae
1413 3309 1677 3384 llilibebrendus

298 3407 412 3496 miles,
439 3405 547 3479 dicius
574 3408 616 3480 de
642 3407 757 3482 burlou
783 3409 825 3482 eb
852 3411 1001 3483 ecclesie
1027 3409 1259 3506 herbipolensi
1285 3413 1317 3482 iu
1344 3410 1448 3484 leudo
1474 3410 1678 3506 possederat

298 3518 334 3579 ei
358 3505 517 3579 lreiribns
544 3507 664 3581 domus
690 3506 869 3605 hospiielis
904 3512 941 3582 S.
976 3511 1139 3584 lobannis
1182 3515 1214 3583 in
1249 3509 1458 3605 Wirzeburg
1494 3509 1676 3600 obtulerat,

299 3607 428 3679 eisdem
444 3605 603 3681 iratribus
618 3611 651 3680 in
665 3613 906 3704 proprietatem
922 3611 1066 3700 conferi,
1092 3615 1261 3706 recipiens
1273 3615 1338 3682 irie
1349 3616 1468 3706 lugere
1485 3615 1676 3698 vincerem,

298 3705 462 3780 lloobeirn
489 3709 566 3796 site,
592 3711 624 3779 in
651 3713 1004 3805 recompensationem
1030 3735 1049 3782 e
1076 3710 1166 3782 dicio
1189 3710 1446 3802 lillibebrende,
1472 3715 1527 3806 qui
1553 3711 1674 3785 eedem

531 3805 612 3880 loco
638 3806 803 3881 bonorum
829 3813 863 3882 in
888 3804 1029 3905 Rimpbr
1054 3814 1087 3882 iu
1112 3809 1216 3882 leode
1242 3809 1440 3908 possidebit.

398 3947 576 4042 {ringus
603 3949 659 4023 dei
684 3955 801 4045 grecie
826 3951 1080 4048 herbipolensis
1114 3957 1296 4052 episcopus
1335 3955 1491 4030 omnibus
1527 3959 1559 4029 in
1586 3981 1674 4054 per·

300 4055 446 4152 peludru.
472 4047 638 4128 Nouerioi
650 4055 801 4132 uniuersi
812 4052 909 4132 huius
922 4055 1048 4154 pagine
1064 4056 1292 4160 inspectores,
1316 4057 1405 4162 quod
1419 4056 1461 4132 ed
1473 4059 1675 4146 iusleucim
