3794 4722
565 397 570 410 '
607 413 825 506 episcopetur
853 409 1145 503 wirsiburgensis.
1174 476 1176 484 ι
1503 409 1574 485 155
1645 391 1649 412 ’

191 605 366 680 Robcrtus
394 605 565 695 Woluolt‚
591 607 729 680 Vlricus
755 607 799 680 de
824 607 1072 703 Erpheshusin,
1094 608 1196 702 Hugo
1223 607 1264 678 de
1280 605 1434 680 Saccahs
1460 617 1495 680 et
1516 608 1574 682 elil

193 729 290 800 quarn
329 707 457 802 plures.
517 705 604 780 Acta
640 717 717 780 eunt
754 707 820 780 hec
857 708 1027 780 dominice
1053 711 1298 782 incarnationis
1337 731 1426 778 anno
1459 707 1505 780 M.
1534 706 1573 782 Ο.

191 806 487 892 Lxxxxvtltto,
526 807 709 880 indictione
734 805 802 894 itt,
835 817 1012 902 regnante
1028 807 1183 903 Phiiippo
1216 808 1449 880 Romanorum
1474 830 1575 900 rege,

192 906 352 979 Conrado
379 905 662 1000 wirciburgensis
695 907 843 1000 ecclesie
877 909 992 980 electo
1018 912 1215 1000 existente,
1248 907 1414 980 Bertoldo
1450 911 1575 980 comite

191 1007 335 1082 urbano.

401 1205 538 1288 Sigillum
560 1205 681 1290 collegit
705 1205 736 1270 S.
759 1205 866 1270 Kiliuni
887 1211 1066 1288 impressum
1089 1206 1168 1270 beno
1191 1211 1401 1270 conservatum
1424 1213 1479 1270 est

401 1317 527 1382 Exstant
559 1319 619 1382 duo
639 1323 834 1382 instrumente
858 1318 993 1382 eiusdem
1016 1323 1147 1397 tenoris,
1184 1337 1312 1400 quorum
1348 1319 1473 1382 alterurn
1506 1318 1575 1382 loco

400 1405 550 1486 ,‚quellter
572 1403 719 1484 quendam
743 1423 864 1468 serrum
888 1422 986 1468 meum
1008 1402 1203 1466 Wollramum
1226 1403 1335 1468 Rufum
1358 1451 1366 1468 .
1391 1452 1398 1466 .
1422 1404 1453 1466 .“
1486 1403 1576 1466 habel

400 1489 550 1570 „quanter
572 1487 701 1570 quedam
724 1494 869 1572 mancipia
900 1509 965 1552 meu
999 1489 1141 1552 uidelicet
1163 1489 1359 1554 wolframum
1382 1495 1419 1556 ,et
1447 1507 1575 1551 uxorem

403 1579 468 1636 eius
490 1573 659 1638 Methildarn
682 1595 808 1638 unacum
831 1574 898 1638 lillis
930 1581 961 1636 el
982 1573 1098 1638 filiabus
1121 1579 1184 1638 suis
1208 1593 1262 1657 pro
1284 1573 1417 1638 remedio
1442 1623 1449 1637 .
1470 1622 1477 1637 .
1502 1573 1532 1638 .“

806 2005 948 2106 cnvrn.

783 2235 870 2300 neu
896 2233 987 2300 nno
1016 2275 1018 2286 .

192 2425 391 2546 §siffridus
416 2423 700 2544 rrirciltmgcnsis
726 2426 1140 2544 ecclesiae-praepositus
1154 2437 1311 2546 testetur,
1331 2427 1429 2545 ¹quod
1453 2426 1574 2548 doinus

191 2525 440 2714 {litlot
454 2525 1576 2732 littodiluisti?altstetittltttttllttl

190 2737 294 2822 nupta
320 2725 534 2798 Warnrundo
561 2725 604 2798 do
630 2725 841 2814 accaron,
873 2727 1093 2798 conniventia
1135 2727 1271 2822 capituli
1304 2727 1434 2798 Judaeo
1468 2724 1575 2799 Jacob

259 2835 296 2899 et
320 2830 421 2897 uxori
449 2829 523 2897 cius
546 2825 647 2897 Godc
672 2848 743 2921 pro
761 2829 884 2920 viginti
910 2836 1041 2922 septem
1068 2831 1192 2898 marcis
1220 2827 1371 2928 obligata
1397 2827 1509 2900 luerit.

286 2983 325 3058 ln
350 2989 490 3060 nomine
515 2998 685 3074 sanciret
707 2987 875 3079 indiuidup
902 2991 1071 3084 trinitatis.
1124 2989 1163 3062 G.
1190 2990 1244 3062 dei
1264 2994 1373 3084 gratia
1389 2987 1574 3061 wircibur-
1603 3047 1607 3054 ,

188 3088 309 3178 gensis
337 3087 486 3176 ecclesis
512 3092 707 3182 prepositus
736 3099 769 3159 et
794 3091 994 3168 universum
1010 3089 1191 3184 capitulum
1208 3090 1466 3182 sanctiliiliunj7
1492 3091 1573 3160 uni-

188 3189 303 3258 nersis
337 3185 463 3258 Christi
500 3186 656 3259 fidelibus
692 3199 759 3262 tarn
793 3187 1010 3282 presentibus
1046 3211 1144 3283 quern
1179 3190 1300 3262 tuturis
1335 3199 1452 3260 notum
1491 3209 1573 3260 esso

186 3285 358 3376 uolumus
385 3286 475 3380 quod
501 3286 738 3380 Gerungus
765 3288 906 3359 Diues
935 3287 1069 3359 domum
1086 3288 1263 3382 quondum,
1290 3289 1446 3383 inpletea
1464 3291 1573 3359 sancti

187 3381 331 3480 Georgii
357 3389 469 3476 sitam,
496 3409 600 3482 super
624 3388 787 3482 reliquias
813 3391 1063 3482 preciosissimi
1088 3392 1235 3460 martiris
1263 3392 1371 3459 sancti
1390 3388 1513 3460 Kiliuni
1536 3396 1570 3458 et

186 3489 361 3558 sociorum
388 3489 462 3558 eius
485 3490 616 3582 potenti
642 3510 742 3559 manu
769 3486 991 3578 contradidit,
1017 3487 1081 3560 hac
1107 3487 1323 3577 conditione,
1354 3497 1389 3559 ut
1424 3485 1569 3580 singulis

186 3589 283 3659 annis
307 3590 341 3657 in
368 3589 605 3658 anniversario
631 3591 752 3659 uxoris
791 3610 849 3676 sue
896 3586 961 3659 duo
998 3588 1101 3660 modii
1142 3591 1243 3658 tritici
1276 3591 1459 3660 conuentui
1495 3585 1572 3658 inde

186 3686 418 3776 soluerentur,
445 3697 479 3759 et
505 3690 535 3758 si
561 3687 651 3758 iorte
677 3687 746 3758 lilia
772 3709 834 3758 suu
861 3691 935 3758 sinc
963 3687 1090 3759 herede
1116 3686 1311 3774 decederet,
1338 3709 1403 3782 que
1420 3685 1569 3758 nondum

185 3789 339 3857 maritata
364 3797 453 3875 erut,
477 3791 552 3858 sine
578 3791 671 3858 omni
698 3791 866 3882 pensione
892 3787 1057 3882 prefatam
1084 3785 1219 3858 domurn
1246 3797 1434 3861 conuentus
1462 3788 1571 3857 suncti

186 3885 310 3958 Kiliani
336 3887 551 3979 integraliter
577 3907 652 3958 cum
681 3887 830 3959 dominio
857 3898 892 3958 et
916 3909 980 3958 usu
995 3899 1029 3958 et
1042 3886 1254 3959 habitacione
1275 3885 1339 3960 sibi
1362 3886 1586 3958 uendicuret.'

184 3983 399 4058 Procedente
425 4005 511 4058 vero
538 3996 692 4084 tempure
725 3985 793 4059 lilia
826 3991 901 4058 cius
937 3991 1089 4058 maritata
1116 3995 1242 4158 esgoep
1279 3991 1393 4084 nupsit
1429 3986 1569 4059 domino
