3774 4728
328 465 397 538 182
929 465 1147 543 Meunmeutn

325 666 453 757 noticia
477 685 546 736 non
572 662 766 759 inpediente
792 667 996 760 antiquitatis
1022 664 1192 739 oblitriose
1212 662 1381 737 fermento
1398 667 1479 736 etuti
1495 668 1706 760 presentium

327 763 451 838 Christi
465 763 611 835 fidelium
627 774 660 837 et
674 768 888 844 successioni
899 765 1098 838 iutturorum
1113 765 1237 839 clarius
1252 764 1443 855 illucescet,
1457 787 1605 838 necesse
1616 766 1702 859 [est]

326 886 380 955 ee,
406 886 471 958 que
496 861 596 936 finem
623 867 809 938 sortiuntur
822 865 1024 960 legitimum,
1050 867 1501 960 scripturarumuuctoritate
1528 875 1563 936 et
1588 869 1705 938 muni-

325 967 416 1034 mine
442 961 612 1035 roboreri.
663 962 745 1036 lude
771 975 847 1056 est,
882 964 972 1060 quod
1009 985 1074 1038 nos
1108 975 1175 1036 tem
1201 964 1418 1059 presentibus
1445 987 1543 1058 quum
1568 963 1705 1039 luituris
1794 1006 1798 1012 ·

326 1062 451 1136 Christi
476 1061 631 1136 fidelibus
657 1075 853 1158 presentem
878 1067 1035 1160 peginam
1059 1067 1263 1159 inspecturis
1289 1074 1404 1138 notum
1430 1087 1511 1138 esse
1537 1067 1704 1160 cupimus,
1829 1131 1835 1140 .

327 1162 417 1259 quod
433 1162 577 1236 dilectus
601 1174 722 1238 noster
747 1163 991 1238 Heinricus
1018 1164 1060 1236 de
1084 1162 1527 1259 Bokesbercquosdum
1545 1164 1701 1262 homiues

327 1285 346 1334 u
386 1262 487 1336 nobis
523 1273 557 1336 et
597 1263 747 1335 ecclesie
783 1274 903 1336 nostru
936 1267 1010 1338 suis
1043 1275 1199 1336 tenuerat
1238 1267 1387 1338 seruitiis
1421 1267 1631 1359 mancipatos
1668 1275 1703 1338 et

329 1363 503 1452 astrictos,
530 1384 616 1458 quos
643 1361 684 1436 eh
709 1366 785 1459 ipso
811 1363 1029 1438 Wimcrus
1056 1363 1098 1436 de
1118 1364 1265 1437 Husen
1299 1373 1334 1436 et
1357 1363 1417 1434 lilii
1440 1367 1494 1436 sui
1519 1368 1701 1438 iurecon-

326 1463 636 1552 similitenuerunt
661 1462 1120 1552 uidelicetrldelheidim
1144 1463 1245 1534 filiam
1265 1463 1501 1536 Wolfrnmi
1526 1464 1703 1536 Baweri

326 1584 401 1634 cum
453 1565 545 1634 omni
589 1565 663 1636 eius
710 1567 934 1638 successione
981 1575 1016 1636 et
1060 1563 1351 1636 Wolfrnmum
1395 1562 1498 1636 lilium
1549 1562 1703 1637 eiusdem

325 1663 515 1752 Rumori,
541 1683 627 1755 quos
653 1662 892 1738 Heinricus
917 1663 1107 1736 iamdictus
1125 1662 1169 1736 de
1191 1662 1705 1758 BokesberoeWimuro

326 1771 361 1832 et
386 1765 457 1836 suis
484 1759 562 1833 liliis
603 1761 668 1834 sibi
702 1765 737 1836 in
773 1775 892 1836 nostre
917 1767 1090 1858 presentie
1116 1763 1313 1856 resignatos
1350 1762 1449 1836 nobis
1481 1773 1516 1836 et
1548 1763 1702 1836 ecclesie

325 1869 444 1934 nostre
471 1859 512 1932 ab
539 1865 630 1934 omni
654 1865 736 1956 iugo
763 1866 936 1938 seruitutis
963 1861 1140 1936 absolutos
1166 1875 1201 1935 et
1227 1862 1356 1936 liberos
1383 1866 1581 1955 resignouit.
1627 1862 1701 1936 Nos

325 1962 427 2054 igitur
452 1962 603 2056 ipsorum
619 1962 772 2036 comodis
788 1967 964 2058 cupientes
976 1963 1103 2036 utiliter
1117 1963 1310 2058 prouidere,
1337 1962 1551 2036 conditiones
1567 1983 1701 2036 eorun-

327 2060 403 2132 dem
429 2059 654 2152 meliorando,
680 2062 976 2138 eosdemuostros
1003 2074 1038 2136 et
1063 2063 1222 2136 ecclesie·
1241 2066 1348 2138 saneti
1373 2062 1498 2136 Kilinui
1523 2066 1556 2134 in
1582 2062 1701 2134 Wir-

328 2158 521 2250 coburc‚
560 2165 613 2233 eui
650 2172 730 2234 tunc
765 2163 997 2258 procedimus,
1037 2163 1278 2236 ministeriales
1318 2184 1399 2236 esse
1424 2161 1638 2234 decreuimus
1666 2173 1704 2234 et

326 2259 450 2333 tecum
477 2271 631 2333 nostrum
657 2266 760 2336 totius
787 2273 880 2334 terre
906 2273 1025 2335 nostre
1052 2274 1118 2336 torn
1128 2262 1290 2338 nobilium
1311 2263 1704 2359 qunm'miuisterinlium

327 2369 500 2432 astruente
527 2363 704 2434 sentencie
729 2372 764 2434 et
788 2361 822 2434 id
846 2364 958 2457 ipsum
983 2363 1146 2436 concordi
1182 2365 1330 2434 omnium
1365 2381 1512 2436 assensu
1546 2383 1703 2457 conpro-

327 2457 429 2532 bcnte
455 2463 687 2552 sonctiuimus,
712 2471 750 2534 vt
775 2461 863 2534 idern
890 2461 1044 2534 homiues
1078 2463 1291 2556 integraliter
1318 2463 1409 2536 omni
1435 2462 1705 2543 ministerialium

328 2563 453 2654 optimo
479 2563 553 2632 iure
579 2560 767 2654 gauderent
801 2571 836 2634 et
862 2562 1060 2656 priuilegio,
1086 2562 1227 2636 eosdem
1263 2561 1305 2634 nd
1340 2564 1492 2658 ipsorum
1530 2565 1704 2657 optionem

328 2659 529 2733 merscnloie
556 2659 669 2732 officio
697 2659 907 2756 deputantes.
959 2661 1065 2733 Huius
1092 2665 1143 2733 rei
1169 2672 1276 2734 testes
1293 2672 1371 2733 sunt
1383 2661 1520 2734 nobiles
1535 2672 1570 2734 et
1583 2659 1701 2734 liberi:

328 2781 446 2832 comes
471 2759 676 2834 Berhtoldus
702 2760 743 2832 de
759 2759 998 2852 Hennenbero‚
1023 2759 1199 2835 Couredus
1226 2761 1458 2859 deWurperc
1485 2759 1601 2834 Crelto
1615 2760 1704 2836 iilius

328 2861 415 2949 eius,
442 2857 558 2932 Crolto
586 2859 628 2932 de
650 2858 883 2952 'Nuwenburc
907 2861 1086 2934 Heinricus
1113 2861 1155 2932 de
1180 2859 1408 2951 uoluentem,
1433 2861 1556 2954 Egeno
1584 2883 1703 2936 comes

328 2957 370 3029 de
395 2957 611 3052 Eichelberc‚
635 2960 815 3032 Heinricus
842 2971 877 3032 et
904 2959 1105 3054 Swicgerus
1131 2961 1256 3034 fratres
1283 2959 1498 3052 deBuclnelru
1522 2961 1704 3035 Heinricus

328 3057 370 3128 de
395 3057 562 3130 Biuzuelt.
614 3059 758 3132 Clerici:
786 3059 865 3132 Otto
891 3063 1030 3134 maioris
1057 3061 1208 3134 ecclesie
1235 3073 1269 3134 et
1295 3064 1376 3134 noui
1401 3063 1600 3134 monosterii
1617 3083 1703 3157 pre-

244 3225 247 3234 ,
327 3160 474 3253 positus,
498 3157 663 3231 Albertus
690 3158 733 3231 de
757 3159 983 3250 walehusen,
1008 3161 1127 3256 Boppo
1155 3159 1431 3251 messeriaci,
1465 3161 1704 3234 Werenherus

329 3257 462 3347 scribo,
506 3257 700 3331 Gotelridus
742 3269 860 3333 custos
894 3264 975 3332 noui
1017 3263 1234 3352 monasterii,
1272 3259 1491 3333 Beldewinus
1539 3263 1705 3352 noterius,

327 3357 507 3429 Heinricus
535 3357 576 3430 de
601 3359 788 3454 Dieppeoh2
814 3365 980 3457 magister
993 3359 1174 3434 Heinricus
1188 3359 1231 3433 de
1250 3359 1499 3450 Onoldesbech,
1528 3359 1705 3434 Comedus

330 3456 456 3547 scribe,
481 3457 671 3532 Hermunus
696 3461 860 3533 noterius.
912 3459 1025 3548 Laici:
1058 3460 1235 3556 Nidungus
1269 3471 1304 3534 et
1341 3459 1530 3534 Woldeber
1564 3460 1704 3552 fratres,

229 3608 231 3622 .
328 3557 509 3630 Heinricus
546 3569 580 3630 et
611 3557 809 3653 Berngerus
843 3559 885 3631 de
911 3559 1088 3635 Teleheim
1125 3560 1271 3651 iratres,
1311 3559 1492 3655 Gerungus
1529 3561 1635 3636 Diues
1670 3570 1704 3634 et

327 3655 544 3730 Helmericus
581 3657 727 3750 iratres,
765 3659 945 3734 Heinricus
990 3671 1024 3732 et
1055 3659 1268 3733 lleinhnrdus
1303 3658 1345 3732 de
1378 3661 1532 3734 Buteriet
1566 3661 1704 3750 iratres

327 3755 508 3830 Heinricus
535 3759 699 3851 magister
724 3759 899 3856 inperialis
925 3763 1084 3856 coquine,
1108 3759 1244 3853 lriugus
1260 3757 1382 3851 Creso,
1408 3759 1606 3832 Adelhunus
1622 3765 1703 3856 pin-

329 3877 453 3946 eernn,
492 3857 672 3931 Heinricus
710 3856 860 3955 dapifer,
899 3860 1080 3933 Heinricus
1118 3861 1304 3955 pincerne,
1341 3860 1505 3933 Albertus
1541 3865 1706 3954 magister

330 3957 495 4048 coqume,
535 3957 747 4032 Wollremus
774 3969 809 4031 et
836 3957 956 4032 Siboto
982 3959 1024 4031 de
1048 3961 1301 4054 Heitingesuelt
1324 3960 1472 4050 iratres,
1506 3959 1703 4054 Egelolfus,

330 4053 505 4132 Conrndus
533 4058 719 4151 scultetus,
752 4057 955 4134 Berhtoldus
983 4057 1071 4133 iilius
1099 4063 1191 4152 eius,
1226 4059 1370 4134 Silridus
1397 4071 1431 4132 et
1455 4061 1636 4134 Heinricus
1662 4061 1706 4132 de
