3876 4722
281 462 353 544 otu
631 580 635 590 ¹
868 466 1086 542 Monumento

282 673 435 766 waginta
460 673 560 742 trium
587 667 746 740 librarent
780 669 995 758 hallensium,
1029 693 1112 766 quas
1147 674 1180 742 in
1215 674 1358 768 pecunia
1393 677 1566 742 numerata
1604 689 1668 739 re-

283 781 449 868 ceperunt
472 794 491 840 a
517 769 650 866 prelato
678 769 933 860 archidiacono5
961 771 1002 842 de
1029 771 1149 868 quibus
1176 793 1215 851 se
1240 769 1329 844 bene
1347 781 1485 868 pacatos
1510 780 1544 841 et
1563 771 1666 863 quie-

282 881 374 944 telos
402 870 574 960 dixerunt,
600 873 839 943 renunciantes
875 875 1071 967 exceptioni
1098 895 1166 948 non
1194 869 1372 950 numerate
1399 879 1434 951 et
1457 893 1528 952 oon
1555 868 1669 941 solute

282 973 448 1068 pecunie,
482 971 609 1043 actioni
636 973 669 1042 in
695 969 818 1043 facturn
847 982 881 1043 et
908 975 999 1044 omni
1026 971 1155 1043 auxilio
1186 974 1274 1064 juris
1302 973 1456 1043 canonici
1485 979 1520 1042 et
1544 968 1669 1052 ciuilis,

285 1073 522 1144 constitutioni
545 1069 704 1186 generali
732 1095 794 1142 seu
821 1071 923 1144 locali
957 1083 993 1143 et
1019 1074 1109 1144 oruni
1135 1069 1323 1159 beneficio,
1356 1094 1418 1167 per
1443 1067 1533 1164 quod
1554 1072 1669 1161 jouari

284 1181 430 1268 possent
465 1169 507 1242 ad
541 1181 749 1242 contractum
786 1170 970 1266 predictum
1006 1169 1252 1266 impediendum
1287 1174 1361 1242 siue
1397 1167 1670 1253 rescindendum„

285 1269 326 1342 ad
354 1270 574 1364 praecandiarn
601 1293 641 1342 sc
667 1274 775 1342 eciam
803 1270 1043 1364 obligauerunt
1068 1281 1103 1344 et
1129 1274 1356 1366 promiserunt
1374 1267 1557 1342 secundum
1579 1292 1669 1341 con-

285 1369 568 1444 consuetudinem
596 1381 699 1441 terre.
752 1371 999 1466 Proprictelctn
1027 1393 1110 1446 uere
1136 1369 1364 1466 predictorum
1391 1370 1577 1443 bonorum.
1603 1391 1668 1463 que

285 1470 328 1542 ad
362 1493 426 1544 nos
461 1469 646 1564 spectabat,
683 1472 716 1542 in
751 1470 873 1542 dicturn
909 1469 1181 1544 archidiaconum
1218 1471 1454 1544 transferimus
1489 1480 1524 1542 et
1558 1468 1670 1540 sideru

284 1569 505 1643 concedimus
533 1581 567 1641 et
594 1569 711 1642 damus
738 1595 800 1666 per
826 1581 1009 1667 presentes
1038 1593 1082 1644 ex
1110 1595 1166 1657 eoq
1191 1571 1283 1666 quod
1309 1570 1352 1644 de
1378 1569 1562 1642 redditibus
1583 1591 1669 1664 pre-

285 1670 383 1742 dictis
408 1680 453 1762 ¹et
488 1668 684 1764 quibusdam
722 1669 799 1742 aliis
836 1674 998 1742 uicarium
1033 1675 1066 1743 in
1101 1671 1250 1742 ecclesia
1283 1682 1401 1744 nostra
1433 1669 1666 1764 herbipolensi

285 1779 489 1842 consudare
523 1779 558 1842 et
592 1769 710 1844 lacero
743 1769 886 1846 intendit
921 1781 956 1842 et
981 1781 1180 1866 perpetuum
1206 1773 1369 1844 uicarium
1395 1770 1576 1852 orthea,
1613 1771 1669 1862 qni

287 1869 353 1944 deo
381 1879 417 1942 et
440 1867 541 1942 beate
568 1871 692 1963 uirffl'ru
725 1882 760 1942 et
786 1880 906 1944 sancto
933 1870 1080 1966 Kyllene
1115 1873 1251 1944 seruire
1286 1870 1387 1942 debet
1420 1881 1456 1942 et
1489 1867 1610 1942 altaria
1633 1871 1670 1940 in

288 1973 415 2065 cripta,
449 1991 516 2064 que
550 1969 591 2042 ad
618 1991 684 2042 noe
719 1980 754 2042 et
779 1969 820 2041 ad
846 1981 998 2044 nostram
1026 1971 1252 2044 collectorem
1279 1970 1491 2066 spectabant,
1517 1967 1671 2042 officiare

287 2068 391 2142 debet
415 2069 601 2142 secundum
627 2067 772 2142 lornant
798 2080 833 2142 et
858 2069 992 2145 modum
1018 2069 1238 2142 ordinandum
1264 2082 1300 2144 et
1320 2069 1592 2144 constituendum
1608 2091 1672 2164 par

287 2167 562 2242 archidiaconum
589 2179 839 2254 memoratoria
865 2192 931 2264 que
956 2170 1077 2242 altaria
1103 2171 1261 2244 uolumus
1287 2191 1425 2266 seraper
1451 2181 1487 2242 et
1501 2167 1670 2240 concedi·
1774 2207 1777 2214 =

289 2291 363 2342 rnus
393 2291 474 2341 esse
501 2292 636 2342 annexa
661 2267 750 2341 dicte
776 2279 942 2365 perpetuo
969 2273 1109 2342 vicarie.
1173 2269 1209 2342 ln
1239 2273 1334 2343 cuius
1362 2273 1414 2342 rei
1439 2271 1670 2342 testimonium

289 2375 325 2442 et
350 2372 548 2442 memoriam
575 2369 763 2442 futurorum
789 2380 971 2464 presentes
997 2369 1115 2442 literas
1152 2370 1195 2442 ad
1221 2373 1415 2444 instantiam
1440 2369 1669 2465 predictorum

291 2469 533 2544 Sibotouis
567 2479 603 2542 et
627 2469 647 2542 J
657 2477 731 2542 ute
763 2492 805 2542 ac
831 2473 1008 2562 memorati
1042 2470 1272 2544 archidiaconi
1306 2473 1434 2558 rostri5
1468 2480 1503 2542 et
1533 2467 1670 2565 capituli

289 2573 400 2645 nocui
425 2591 560 2646 necnon
584 2567 852 2666 subscriptorum
879 2573 1014 2644 testium
1041 2569 1170 2664 sigillis.
1190 2570 1333 2646 lecimus
1351 2569 1517 2644 roborari.
1545 2569 1671 2642 Testes

290 2668 466 2750 blisunt:
493 2667 698 2762 Meugoldua
723 2673 932 2766 prepositus,
957 2669 1122 2742 Albertus
1144 2669 1308 2759 decanus
1334 2669 1501 2745 liudolfus
1527 2669 1670 2742 scolas·-

289 2773 398 2857 licus,
433 2767 649 2844 Wernherus
683 2769 729 2842 de
759 2767 1011 2861 nurenberg,
1044 2769 1224 2842 Heiurious
1258 2769 1301 2842 dc
1336 2769 1522 2842 Wochmar
1547 2767 1669 2842 archi-

291 2870 468 2956 diceonus,
493 2868 696 2946 bodonicus
723 2869 767 2943 dc
783 2865 1005 2961 llcheoberg‚
1030 2871 1189 2942 mnomci
1213 2869 1365 2942 ecclesie
1391 2881 1531 2959 nostre,
1556 2869 1670 2942 Hen-

290 2972 383 3042 ricus
409 2967 609 3044 wolfoldus
634 2971 843 3045 onerarias
869 2976 999 3040 noster.
1059 2967 1180 3042 Dutunr
1215 2980 1250 3042 et
1281 2980 1393 3042 actanr
1426 2991 1517 3044 anno
1543 2967 1671 3044 donni

291 3069 350 3144 ΜΟ·
367 3067 450 3142 00⁰·
466 3067 649 3158 bXXlX⁰·,
673 3066 765 3140 xvi.
792 3064 956 3140 kalendas
981 3065 1124 3164 Aprilis.

500 3266 640 3440 ξὲᾗιέωι
659 3265 720 3332 duo
742 3267 943 3352 exemplaria,
976 3286 1015 3332 ex
1037 3287 1164 3352 quorum
1187 3217 1370 3352 &quoque
1391 3269 1525 3355 pendent
1552 3277 1679 3356 septen·
