3836 4722
596 455 816 552 episcopatus
843 454 1134 550 wirsiburgensis.
1526 459 1572 534 57

193 651 350 725 fidelibus
377 651 581 724 salutemin
608 650 756 726 domino.
807 653 926 726 Eterni
952 655 1072 750 premii
1099 653 1259 728 subsidiis
1274 654 1469 752 proficimus
1487 661 1574 755 apud

192 751 305 840 deum,
333 762 367 824 et
394 761 512 824 eterne
538 751 732 845 dingnitatis
759 753 876 824 titulos
904 775 1065 826 crescere
1093 753 1262 828 credimus
1290 755 1377 850 upud
1414 757 1569 834 homines

192 863 228 922 at
254 855 388 944 augeri,
422 849 499 924 dum
524 850 660 922 illorum
689 851 898 948 profectibus
929 852 1131 947 ‘ampliandis
1167 865 1286 928 nostra
1312 853 1478 928 beneficia
1503 881 1572 932 non

193 973 380 1044 negamus,
414 953 470 1044 qui
495 947 701 1023 intirmorum
728 961 763 1024 et
788 954 1047 1046 peregrinorum
1082 952 1275 1046 indigencio
1302 957 1436 1026 sincera
1465 960 1571 1028 mini-

192 1059 302 1122 strant
326 1072 368 1120 ac
395 1049 597 1122 subueniunt
623 1053 774 1124 caritate.
826 1049 950 1124 Notum
985 1051 1150 1146 siquidem
1186 1051 1328 1126 facimus
1356 1057 1570 1128 uniuersituti
1703 1135 1706 1144 ,

188 1145 352 1238 fidelium,
369 1151 425 1243 qui
439 1149 527 1222 benc
537 1160 663 1221 curtam
675 1153 901 1245 inspexerint,
916 1150 1005 1244 qaod
1021 1173 1096 1222 cum
1108 1152 1570 1243 magisterBurcburdus

191 1247 345 1320 ecclesie
370 1258 489 1322 nostre
515 1251 664 1322 vicarius
693 1259 727 1320 et
752 1253 804 1321 sui
830 1249 1023 1320 confratres
1050 1249 1275 1338 sacerdotes,
1298 1249 1415 1344 quibus
1444 1251 1569 1348 bospi—

193 1347 260 1418 talc
288 1351 396 1418 sancti
421 1346 534 1440 Egidii
560 1357 596 1420 et
622 1351 730 1420 suncd
746 1347 930 1420 Thaudrici
957 1349 1223 1438 contuleramus,
1249 1348 1372 1426 dictum
1398 1349 1569 1446 hospitale

192 1449 225 1518 in
252 1449 436 1541 presencia
461 1456 650 1520 conuentus
676 1450 786 1518 nostri
801 1451 1044 1538 resingnireut,
1071 1469 1114 1520 eo
1141 1447 1231 1541 quod
1257 1451 1321 1542 ipsi
1348 1453 1382 1520 in
1397 1472 1568 1544 procura-

191 1547 294 1618 cione
319 1545 444 1618 multos
471 1549 546 1618 sine
571 1545 682 1616 fructu
708 1550 918 1618 sustinerent
933 1545 1085 1635 labores,
1111 1556 1147 1618 et
1172 1549 1312 1618 racione
1329 1548 1420 1621 illius
1437 1569 1568 1642 procu·-

190 1647 342 1717 racionis
380 1647 412 1716 in
449 1644 594 1718 diuersis
618 1647 776 1738 negociis
802 1648 959 1716 nociuum
993 1655 1028 1716 et
1065 1644 1281 1718 cottidianum
1305 1651 1474 1720 sentirent
1501 1648 1567 1720 de·

190 1742 340 1832 fectum,
379 1765 444 1818 nos
479 1747 536 1838 pie
569 1743 850 1833 considerantes,
891 1743 981 1838 quod
1005 1748 1106 1816 ‘iuste
1147 1755 1367 1818 mouerentur
1404 1757 1438 1818 et
1478 1748 1567 1841 quod

190 1841 361 1938 hospitale
404 1853 544 1938 propter
586 1841 654 1916 hoc
693 1843 863 1918 deiectum
903 1853 938 1916 et
976 1845 1138 1914 iacturam
1179 1854 1301 1940 posset
1342 1868 1383 1916 ac
1428 1845 1569 1920 deberet

191 1947 376 2032 sustinere,
400 1945 598 2036 rogauimus
625 1952 661 2014 ut
686 1941 820 2030 domum
845 1941 991 2014 habitam
1017 1967 1037 2014 a
1062 1941 1161 2016 nobis
1187 1947 1382 2039 reciperent
1415 1945 1478 2020 sub
1505 1946 1569 2019 bac

189 2041 313 2130 forma,
338 2051 374 2113 ut
399 2063 463 2116 nos
490 2053 526 2114 ut
551 2063 617 2114 nos
637 2041 693 2135 [l]
727 2041 770 2113 de
802 2053 924 2114 nostro
953 2041 1100 2137 capitulo
1134 2041 1281 2116 arbitrus
1308 2053 1380 2116 tras
1406 2044 1567 2118 uidelicet

189 2139 410 2214 honorabiles
437 2144 534 2214 viros
559 2144 768 2236 prepositum
785 2141 1082 2212 Theodricum
1108 2140 1151 2212 de
1166 2141 1328 2236 Huuge,
1354 2147 1565 2238 prepositum

188 2239 470 2314 Gutefridnm
487 2241 530 2312 de
547 2239 716 2312 Gulenb
727 2262 814 2328 erc,
840 2250 875 2312 at
895 2244 959 2335 ipsi
973 2240 1016 2311 de
1029 2240 1239 2314 fraternitate
1255 2264 1316 2314 sua
1332 2253 1404 2314 tres
1417 2242 1564 2318 arbitros

190 2339 353 2412 videlicet
368 2343 567 2433 magistrum
590 2339 888 2410 burchardum
914 2348 950 2410 et
968 2337 1165 2410 Ottonsm
1191 2339 1234 2410 da
1257 2341 1510 2434 bleiningin
1532 2350 1567 2416 et

188 2439 426 2534 Symonem
452 2442 711 2527 constituerent,
725 2449 772 2510 ‚et
782 2437 939 2531 quidquid
965 2452 1027 2532 per
1042 2440 1130 2510 istos
1148 2438 1373 2527 ordinaretur,
1400 2463 1446 2510 ex
1465 2451 1564 2512 utra·

189 2561 255 2632 que
280 2549 376 2632 parte
402 2549 510 2610 ratum
537 2548 572 2610 et
596 2537 833 2610 inconuulsum
853 2537 1065 2608 haberemus.
1116 2536 1154 2608 lu
1179 2536 1266 2608 bunc
1291 2541 1403 2631 itaque
1422 2538 1565 2612 formam

188 2636 307 2708 arbitri
333 2649 578 2726 conuenerunt,
604 2637 694 2732 quod
719 2635 919 2710 sacerdotes
946 2635 988 2708 de
1014 2638 1105 2708 omni
1120 2657 1251 2732 genere
1265 2637 1566 2730 elemonsinarum,

188 2759 254 2830 que
281 2735 323 2807 ad
349 2735 516 2832 hospitale
542 2737 786 2826 conferuntur,
813 2759 832 2806 a
859 2758 1056 2830 quacunque
1093 2757 1243 2829 persona
1274 2735 1333 2807 uel
1364 2759 1566 2832 quocunque

189 2835 290 2908 modo
335 2837 449 2908 domui
489 2835 713 2926 accederent,
754 2834 891 2906 mobilis
932 2839 1008 2909 siue
1045 2833 1238 2926 inmobilia,
1277 2857 1342 2930 que
1379 2836 1421 2907 ad
1461 2841 1565 2932 quin·

190 2957 253 3028 que
289 2935 421 3009 solidos
460 2937 610 3008 estimari
650 2944 794 3030 possent
835 2935 892 3006 uel
934 2933 1021 3006 ultra
1061 2937 1206 3028 quinque
1249 2934 1380 3008 solidos
1419 2934 1565 3028 'dabitur,
1640 2935 1643 2942 '

189 3057 356 3129 pauperes
395 3039 531 3130 precise
570 3033 695 3108 debent
727 3035 895 3127 recipere.
946 3033 1126 3104 Ecouerso
1164 3033 1365 3108 sacerdotes
1402 3033 1444 3107 de
1472 3039 1563 3108 omni

189 3133 390 3222 elemosina,
417 3157 483 3228 que
507 3134 775 3206 confraternituti
801 3153 920 3204 eorum
937 3131 1121 3220 confertur,
1149 3132 1352 3227 pauperibus
1380 3137 1413 3205 in
1439 3133 1563 3230 hospi-

190 3233 249 3304 tali
274 3233 512 3306 dimidietatem
540 3231 664 3306 debent
690 3230 894 3306 distribuere
921 3233 1076 3327 exceptis
1115 3233 1251 3324 triginta
1276 3231 1444 3322 denariis,
1478 3256 1563 3326 quos

188 3335 254 3427 ipsi
278 3355 342 3428 pro
365 3336 529 3405 momoria
545 3331 781 3405 defunctorum
800 3331 932 3424 agenda
952 3331 1067 3402 solent
1085 3333 1255 3425 recipere,
1281 3335 1367 3404 sicut
1379 3329 1565 3425 predictum

189 3441 242 3504 ast
269 3443 304 3504 et
329 3453 546 3528 expressum,
572 3435 618 3504 itu
645 3430 734 3526 quod
758 3451 822 3524 pro
849 3427 1063 3504 celebrandis
1088 3433 1332 3504 anniuersariis
1364 3427 1564 3506 afidelibus

188 3528 369 3621 defunctis,
389 3531 546 3626 quidquid
561 3553 623 3626 pro
640 3530 791 3602 remedio
805 3551 924 3602 eorum
940 3527 1153 3602 statuendum
1164 3528 1321 3603 duxerint
1335 3527 1561 3621 etlegandum

187 3651 357 3725 pauperes
384 3641 418 3702 et
443 3629 562 3702 infirmi
589 3629 742 3703 eiusdem
767 3627 959 3722 hospitalis,
992 3638 1028 3700 ut
1054 3629 1249 3717 statuimus,
1283 3629 1463 3722 participes
1489 3626 1564 3700 fieri

189 3728 314 3801 debent
346 3730 404 3802 vel
439 3729 595 3824 quidquid
626 3739 765 3825 propter
797 3726 894 3798 deum
933 3727 1086 3824 predicto
1124 3725 1283 3820 hospitali
1316 3725 1491 3798 confertur
1528 3739 1563 3800 et

188 3832 386 3922 porrigitur,
412 3827 486 3900 lieri
505 3828 629 3902 debent
655 3839 689 3902 et
708 3837 902 3900 consortes.
938 3825 1010 3900 Nos
1027 3827 1129 3919 igitur
1149 3835 1337 3898 conuentus
1354 3837 1561 3900 memoratus

188 3931 339 4022 presenti
366 3931 493 4023 scripto
520 3927 656 4024 publice
681 3929 966 4021 recognoscimus
994 3935 1028 3997 et
1052 3934 1298 4020 protestamur,
1334 3924 1424 4019 quod
1449 3925 1562 3998 habito

187 4027 330 4122 prunido
358 4029 503 4100 consilio
530 4031 618 4100 inter
641 4049 708 4102 nos
736 4024 951 4122 etprudenti,
977 4023 1110 4096 domum
1137 4031 1172 4094 et
1189 4023 1375 4118 predictum
1393 4023 1561 4121 hospitale

214 4169 331 4209 stennon.
347 4169 547 4212 mutilium.
563 4169 608 4212 ceti.
624 4168 645 4210 t.
1206 4125 1230 4194 8
