3774 4728
577 483 794 586 episcopatus
819 469 1114 584 wirzburgensis.

748 829 974 906 CCCXXVII.

520 1034 608 1100 Anno
633 1031 737 1114 1254,
759 1032 789 1098 2.
811 1033 1000 1114 Decembris,
1023 1031 1197 1098 liarleburc.

163 1211 296 1315 iringus
323 1219 575 1318 herbipolensis
602 1225 785 1320 episeopus
811 1220 966 1320 hupoldo
989 1227 1155 1320 magistro
1172 1221 1339 1316 coquinae
1355 1221 1389 1295 in
1405 1215 1544 1294 lieten-

441 1320 524 1396 hurc
550 1321 685 1396 coniert
710 1323 796 1396 duos
822 1345 962 1398 mansos
989 1327 1022 1394 in
1047 1321 1266 1418 BInolspach.

260 1491 285 1563 i.
314 1492 369 1564 dei
396 1495 513 1586 gracia
538 1492 791 1589 herbipolensis
813 1495 1002 1589 ‘episcopus
1040 1491 1165 1566 dilecto
1203 1492 1267 1568 sihi
1300 1489 1342 1566 L.
1377 1495 1543 1586 magistro

164 1595 309 1687 coquine
334 1597 368 1665 in
394 1592 655 1666 Rotcnhnrc
689 1594 834 1667 salutem
869 1603 903 1666 et
942 1615 1044 1666 omne
1076 1593 1213 1666 bouum.
1264 1592 1321 1668 Ad
1346 1596 1545 1668 instanciam

161 1703 313 1768 vestram
340 1693 420 1766 loco
445 1693 585 1766 duarum
611 1705 818 1767 carratarnm
844 1698 927 1784 vini,
954 1717 1037 1789 ques
1063 1717 1082 1766 a
1108 1693 1207 1769 uobis
1234 1697 1268 1766 in
1289 1693 1393 1766 feodo
1420 1697 1544 1767 tenetls

163 1794 247 1868 dnos
290 1815 451 1885 mansos,
489 1817 631 1890 quorum
669 1795 845 1867 aduocatis
884 1805 919 1866 et
944 1795 1008 1867 dne
1027 1793 1053 1886 ¹)
1091 1805 1207 1891 parles
1244 1795 1376 1868 decime
1410 1792 1453 1866 od
1478 1817 1544 1867 vos

163 1891 375 1989 spectent,²)
402 1898 489 1970 sitos
516 1899 550 1967 in
575 1895 801 1992 Bioolspach,
826 1899 861 1967 in
888 1895 992 1969 ieodo
1018 1895 1118 1967 uobis
1145 1905 1179 1966 et
1204 1893 1388 1968 heredibus
1416 1899 1544 1970 vestris

162 1998 381 2090 porrigimus,
407 2005 443 2067 ut
470 2018 535 2069 vos
562 1999 691 2070 nostris
727 1999 883 2070 seruicds
910 1999 1060 2069 strictius
1088 1993 1303 2090 ohlIgemns,
1339 2017 1443 2091 snper
1478 2018 1544 2091 quo

162 2094 261 2168 nohis
287 2117 433 2192 presens
460 2099 621 2192 scripturo
647 2096 867 2170 concedimus
895 2096 1000 2190 sigilli
1014 2099 1124 2169 nostri
1138 2099 1321 2168 munimine
1334 2095 1543 2169 roboratum.

161 2195 283 2268 Datum
316 2193 506 2268 llarlehnre
544 2218 633 2270 auno
680 2196 806 2270 domini
846 2196 1029 2268 millesimo
1063 2193 1243 2286 counit,
1279 2207 1400 2291 quarto
1436 2219 1548 2272 nonas

101 2353 103 2356 .
160 2295 375 2385 Decembris,
402 2296 587 2370 indictione
613 2295 731 2388 XIIII,
752 2293 782 2390 ³)
806 2295 1021 2392 pontificatus
1047 2299 1157 2368 nostri
1183 2317 1273 2368 anno
1299 2300 1421 2392 primo.

374 2500 510 2584 Sigillum
533 2499 622 2583 Iringi
646 2504 778 2582 episcopi
801 2497 957 2581 appendet.

375 2628 402 2701 ¹)
424 2631 454 2690 'ot
478 2627 507 2713 ²)
529 2629 633 2692 Manus
656 2635 805 2711 posterior
829 2629 959 2692 mutabat
990 2627 1092 2710 „due“
1121 2634 1150 2692 in
1172 2629 1292 2711 ,‚dnes“
1315 2637 1345 2691 et
1367 2633 1544 2711 „spectomt“

371 2720 401 2776 in
422 2717 591 2796 „speetat“.
637 2713 664 2792 ³)
686 2717 774 2783 Anno
797 2715 908 2778 domini
931 2734 1080 2798 expresso
1096 2716 1218 2780 indictio
1241 2713 1465 2779 ordinariaerat
1479 2715 1542 2780 xri.

728 3133 969 3214 CCCXXVIII.

654 3337 743 3402 Anno
768 3336 871 3418 1255„
894 3335 945 3404 24.
968 3338 1045 3406 itan

162 3517 318 3620 Iringus,
343 3517 594 3622 herbipolensis
621 3527 803 3622 episcopus
830 3523 969 3598 Giselae
994 3525 1094 3596 uxori
1120 3523 1272 3600 Bertoldi
1300 3523 1342 3598 de
1369 3524 1539 3622 Spienes·

163 3623 251 3700 heim
280 3637 315 3700 et
340 3625 528 3718 Friderico,
554 3624 624 3698 lilio
651 3625 1105 3820 einarpcaptgrppsspitleodum
1130 3627 1164 3698 io
1192 3637 1306 3701 castro
1325 3626 1539 3722 SpinesheIm

259 3897 285 3972 l.
313 3892 369 3971 dei
394 3899 502 3991 gratia
528 3893 779 3990 herbipolensis
807 3899 1000 3994 episcopus.
1050 3893 1174 3970 Notum
1201 3897 1343 3974 iacimus
1368 3901 1539 3972 uniuersis

165 4010 198 4071 et
224 3997 437 4096 presentibus
464 4005 705 4096 protestamur,
730 3996 820 4091 quod
844 4019 910 4070 uos
926 4001 1210 4091 recognoscimus
1238 3999 1409 4090 Giscle,
1439 4004 1538 4072 uxori

164 4097 367 4174 Bertoldi
393 4099 436 4171 de
462 4095 778 4195 Spieueshoim
811 4109 990 4176 castrense
1028 4097 1188 4188 feodum,
1227 4099 1315 4196 quod
1354 4103 1386 4172 in
1424 4111 1537 4173 cestro

191 4251 242 4298 lon.
257 4251 309 4296 nois.
326 4253 369 4292 toi.
383 4249 469 4292 rituti.
484 4259 529 4292 nor·
544 4249 590 4290 coli.
606 4249 627 4292 I.
1161 4199 1208 4272 47
