3774 4728
747 1099 836 1164 Arno
860 1093 971 1178 12³1,
987 1095 1270 1179 'nmso-Augwto.

319 1303 537 1381 normannus
563 1301 815 1400 herbipolensis
841 1303 1026 1397 episeopus
1052 1322 1072 1370 a
1097 1295 1205 1372 nobili
1234 1291 1318 1371 uiro
1354 1295 1501 1372 Albeito
1529 1297 1573 1371 de
1596 1297 1707 1372 Entso

308 1429 364 1480 nc
386 1425 501 1479 uxore
528 1401 603 1478 elus
629 1403 821 1496 lledewigo
845 1411 996 1476 castrum
1010 1399 1119 1474 Entse
1134 1419 1211 1471 cum
1223 1399 1410 1473 attinentiis
1431 1403 1503 1473 suis
1518 1409 1704 1495 comparet.

445 1576 479 1640 ln
501 1580 624 1639 nornine
646 1575 758 1638 domini
779 1593 875 1640 amen.
919 1574 1158 1646 Hermannus
1188 1573 1238 1637 dei
1267 1579 1364 1658 gratia
1392 1571 1613 1656 herbipolensis
1635 1579 1706 1657 epi·-

311 1681 430 1746 soopus
452 1662 589 1728 omnibus
618 1667 650 1726 in
681 1667 869 1746 perpetuum.
910 1659 1058 1724 Nouerint
1078 1664 1212 1724 universi
1241 1661 1329 1724 buius
1361 1664 1470 1744 psglne
1503 1665 1704 1741 inspectores,

320 1757 381 1814 tam
402 1754 633 1831 presensetos,
668 1765 757 1828 quam
790 1763 968 1810 successura
995 1751 1166 1827 posteritas,
1198 1746 1279 1827 quod
1311 1745 1420 1810 nobilis
1440 1742 1631 1809 tilbertus
1665 1747 1706 1812 de

318 1835 446 1904 Entse
469 1853 527 1896 vna
550 1852 618 1896 cum
639 1851 736 1896 uxore
756 1850 811 1896 sue
833 1833 1042 1914 Hedewiga
1073 1850 1163 1894 manv
1195 1831 1361 1895 coadunata
1383 1838 1512 1894 castrum
1534 1831 1651 1896 Entse
1674 1840 1706 1896 et

320 1925 420 1984 omnia
443 1924 600 1982 attinencia
621 1921 652 1982 in
676 1923 758 2002 agris
775 1918 862 1980 cultis
885 1925 915 1980 et
935 1919 1074 1996 incultis,
1098 1921 1205 1998 pratis,
1227 1922 1367 1998 pascuis,
1389 1922 1547 1999 pomeriis,
1570 1915 1704 1997 lacubus,

319 2005 417 2086 silete,
439 2005 585 2090 virgultis,
608 2009 676 2084 viis,
697 2009 786 2066 inviis
809 2011 839 2065 et
861 2001 1043 2085 quibuslibet
1064 2004 1149 2080 aliis,
1180 2001 1266 2064 nobis
1295 2009 1326 2064 et
1345 2001 1549 2084 herbipolensi
1572 2005 1705 2066 ecclesie

308 2109 374 2174 pro
395 2089 443 2155 ct
466 2106 583 2154 marcos
606 2089 738 2153 vendidit
760 2095 791 2151 et
811 2088 934 2152 tradidit
953 2093 1144 2170 proprietatis
1167 2093 1287 2151 nomine
1307 2095 1454 2171 perpetuo
1475 2088 1658 2170 possidenda
1675 2097 1707 2153 et

318 2195 377 2240 nos
399 2175 533 2258 deipsis
564 2172 651 2239 boms
683 2173 904 2238 inieodauirnus
937 2175 1085 2236 eumdem.
1130 2173 1320 2237 Postmodum
1344 2191 1421 2237 vero
1451 2191 1596 2256 processu
1623 2183 1705 2237 tern-

317 2267 401 2344 poris
422 2262 489 2326 talis
510 2265 589 2325 inter
612 2262 772 2332 ecclesiam
794 2268 926 2326 nostram
950 2265 980 2322 et
1000 2264 1098 2341 ipsum
1120 2260 1158 2322 A.
1181 2265 1346 2324 conversio
1366 2265 1551 2342 intercessit,
1573 2267 1605 2323 vt
1627 2259 1704 2326 datis

319 2353 348 2410 ei
371 2346 508 2414 ducentis
531 2353 640 2410 marcis
662 2351 780 2431 argenti
801 2365 857 2426 per
885 2347 1046 2410 ecclesiam
1077 2351 1212 2408 nostram
1244 2343 1303 2408 bae
1329 2353 1415 2428 parte
1442 2350 1534 2410 castri
1562 2350 1706 2428 precipua

319 2433 376 2498 sibi
397 2441 581 2516 remanente,
605 2435 721 2495 scilicet
742 2431 859 2496 duobus
881 2431 1023 2514 pirolibus
1046 2435 1158 2494 maiore
1180 2437 1210 2492 et
1232 2435 1367 2513 minore,
1398 2437 1429 2493 et
1459 2430 1574 2493 duabus
1606 2437 1704 2494 corni-

316 2524 404 2600 natis,
428 2517 542 2582 eisdem
566 2523 726 2602 contiguis,
751 2518 883 2580 ecclesie
905 2537 978 2582 vero
1001 2509 1104 2580 nostre
1118 2523 1304 2579 ,remanente
1326 2517 1471 2580 cenaculo
1490 2533 1600 2600 magne
1622 2521 1706 2582 iuxta

313 2602 422 2680 ,turrim
445 2623 512 2666 oum
535 2609 686 2687 granmio,
709 2609 854 2665 caminata
876 2610 907 2666 et
930 2603 1072 2680 cellario,
1099 2601 1221 2665 residua
1249 2621 1318 2684 pers
1342 2607 1430 2665 castri
1463 2607 1519 2666 ianr
1554 2602 1632 2665 dicto
1665 2603 1704 2668 Α.

243 2751 246 2758 ,
311 2696 349 2751 et
370 2689 688 2753 suis'successoribns
712 2695 744 2750 et
765 2689 897 2751 ecclesie
918 2695 1024 2752 nostre
1045 2693 1077 2751 in
1098 2695 1252 2768 posterum
1273 2693 1314 2752 sit
1326 2691 1491 2751 communis
1513 2691 1543 2750 in
1567 2687 1704 2768 edificiis,

315 2775 501 2853 castellanis,
523 2775 673 2857 vigilibus,
695 2779 884 2856 pontenariis,
906 2773 1125 2838 municionibus
1146 2781 1177 2836 et
1198 2775 1275 2853 aliis,
1298 2792 1357 2854 que
1379 2773 1417 2836 ad
1435 2778 1704 2837 conseruacionenr

317 2858 455 2922 eiusdem
477 2865 567 2922 castri
589 2864 741 2941 pertinent
762 2867 793 2921 ct
813 2861 946 2924 tutelom.
991 2859 1118 2940 insuper
1148 2861 1279 2924 ecelesia
1306 2867 1410 2922 nostra
1432 2878 1499 2922 cunr
1520 2861 1588 2939 ipso
1608 2860 1647 2923 A.
1673 2866 1704 2924 et

315 2949 381 3008 suis
405 2949 573 3008 communia
594 2943 760 3026 possidebit
781 2945 933 3024 suburbia,
957 2947 1053 3010 lacum
1076 2949 1238 3022 minorem,
1266 2945 1364 3008 locum
1385 2949 1417 3008 in
1439 2963 1499 3026 quo
1522 2945 1576 3006 luit
1597 2951 1703 3010 civitas

318 3027 468 3109 quondam
488 3034 554 3108 sita,
575 3036 743 3112 pomerium
765 3038 833 3094 ante
856 3038 996 3108 castrum,
1019 3029 1132 3093 iorcsta
1152 3035 1183 3092 in
1205 3029 1452 3110 Renneberc,
1474 3036 1504 3093 in
1526 3030 1703 3094 lluscrs-

314 3111 444 3192 bubel,
468 3119 498 3175 ei
519 3131 630 3196 pascua
652 3123 683 3178 et
704 3121 802 3180 omnia
824 3124 883 3178 tem
905 3119 936 3178 in
959 3117 1053 3194 siluis*
1076 3135 1165 3196 quom
1186 3120 1218 3180 in
1239 3122 1320 3200 agris
1341 3122 1478 3197 eloquis,
1502 3135 1561 3198 que
1580 3121 1703 3201 gnei-

316 3199 508 3262 nemerke
531 3200 683 3280 dicuntur,
717 3210 747 3264 et
778 3207 822 3264 sic
853 3207 955 3265 omnia
988 3206 1154 3263 communio
1187 3201 1319 3264 ecclesie
1351 3209 1454 3264 nostre
1482 3208 1571 3264 erunt
1601 3209 1703 3283 preter

317 3283 463 3366 quosdam
486 3302 576 3370 egros
599 3293 630 3348 et
650 3294 744 3368 prate,
767 3307 827 3370 que
850 3305 890 3350 ex
912 3291 1087 3366 antiquitate
1109 3286 1273 3350 dinoscitur
1294 3285 1481 3369 possedisse.
1524 3288 1591 3368 lpse
1613 3293 1703 3350 etiam

315 3371 506 3436 Albertus
530 3389 587 3434 neo
607 3379 722 3453 partem
745 3377 835 3438 castri
857 3391 914 3435 nee
945 3373 1007 3434 ulle
1036 3373 1115 3434 bone
1138 3377 1297 3436 attinencia
1328 3373 1378 3434 uel
1408 3379 1524 3453 partem
1553 3371 1703 3435 bonorum

316 3455 355 3518 ab
377 3456 507 3526 ecelesia
530 3463 631 3520 nostra
651 3477 800 3539 quoquere
823 3459 1017 3522 alienacionts
1040 3458 1124 3520 titulo
1146 3457 1310 3537 alienabit,
1339 3463 1388 3524 set
1409 3463 1435 3522 sl
1458 3475 1527 3519 eum
1549 3457 1704 3522 decedere

317 3547 498 3625 contingerit
520 3542 633 3624 absque
654 3543 828 3624 heredibus,
852 3551 882 3606 et
904 3543 983 3606 bone
1006 3549 1036 3604 et
1057 3533 1202 3606 homines¹
1219 3543 1351 3606 ecclesie
1378 3551 1483 3608 nostre
1506 3543 1631 3620 codent;
1654 3551 1704 3606 set

316 3632 342 3691 si
366 3645 434 3688 eum
456 3627 588 3690 vendere
617 3635 795 3713 contingerit
830 3630 909 3692 bona
938 3634 1113 3710 prenotata,
1146 3647 1184 3691 ee
1217 3626 1381 3691 secundum
1415 3625 1496 3709 quod
1527 3637 1703 3711 competens

314 3711 472 3792 uidebitur,
496 3715 626 3776 ecclesie
648 3721 750 3777 nostre
773 3714 853 3778 dabit
874 3721 905 3776 et
926 3731 983 3776 nos
998 3714 1109 3775 nullum
1123 3719 1327 3794 potenciorem
1350 3713 1428 3776 dicto
1450 3715 1487 3776 Λ.
1502 3722 1703 3795 pretersuarn

314 3799 497 3862 uoluntatem
518 3803 549 3862 in
570 3806 670 3862 cestro
693 3801 857 3863 locabimus
879 3806 1053 3862 memorato.
1098 3799 1135 3860 l't
1156 3807 1254 3862 autem
1275 3799 1334 3861 lrce
1356 3804 1521 3862 convencio
1541 3803 1620 3861 inter
1642 3817 1702 3862 ec·

315 3885 440 3946 clesiam
461 3890 591 3947 nostram
614 3891 645 3948 et
666 3886 833 3966 sepefatum
846 3887 883 3948 Λ.
905 3889 1005 3946 initam
1027 3889 1212 3947 immemoris
1228 3885 1335 3946 suturis
1350 3885 1532 3964 temporibus
1545 3885 1703 3964 habentur,

314 3976 488 4052 presentem
509 3975 649 4054 paginam
672 3972 803 4034 exinde
825 3975 965 4050 scriptam
987 3970 1092 4052 sigillis
1115 3977 1217 4033 nostro
1247 3977 1278 4032 et
1299 3971 1430 4034 ecclesie
1454 3977 1556 4033 nostre
1579 3979 1610 4032 et
1630 3969 1703 4034 dieti

313 4054 474 4118 Albertl
496 4053 623 4121 lecimus
650 4055 796 4122 roborem.
841 4055 981 4120 'festibus
1003 4054 1197 4138 subscriptis,
1228 4073 1356 4138 quorum
1384 4060 1506 4121 nonina
1534 4061 1604 4120 sunt
1624 4055 1702 4118 beo:
