3836 4722
333 399 381 472 30
908 393 1128 471 idommenta

332 596 419 670 arnt
443 605 556 668 autem
580 594 646 668 hec
670 603 757 675 acin·
771 615 859 670 a'¹¹¹0
885 592 927 668 ab
950 596 1183 668 incarnatione
1196 591 1321 666 domini
1343 592 1708 685 tinctio-,meon

330 697 438 788 Jvlio,
462 695 647 771 indictione
660 705 790 788 marta
815 693 1004 768 uidentibus
1032 704 1066 766 et
1090 693 1302 766 audientibus
1328 693 1472 800 testihps
1497 692 1708 788 subscriptis,

333 800 511 892 quisunt:
537 792 712 884 Heinrich,
738 793 933 883 Gotebolth,
957 795 1090 888 Poppo,
1116 787 1403 900 Cdno,vGonwin,
1429 793 1596 882 odelrioh,
1622 791 1709 882 Eho,

266 949 271 960 „
331 895 547 988 lito‚13ern‚
574 893 744 984 Geruoch,
768 894 957 981 Berhtolth,
981 893 1192 986 lilanegolth,
1226 893 1393 985 odelrioh,
1420 886 1574 992 Rdgger,
1598 891 1710 988 lidel-

332 995 417 1085 rioh,
443 991 568 1086 Libell,
600 993 769 1084 Heirolth,
800 993 975 1082 Richurth,
1006 993 1212 1088 Egesbrath,
1245 993 1464 1083 Helenbolth,
1495 991 1710 1081 warmunti,

329 1093 541 1189 Eggeharth,
559 1093 780 1183 warmunti,
805 1087 988 1189 Rbppraht,
1012 1093 1161 1184 Richoll,
1184 1086 1344 1184 llbholtb,
1362 1093 1522 1186 Arnolth,
1537 1090 1710 1180 Heinrich,

331 1192 535 1289 Egesbrath,
562 1189 730 1282 Senvvin,
755 1191 966 1284 Gundelooh,
989 1191 1157 1267 Heirolth.

500 1361 636 1448 Sigillum
658 1367 836 1444 impressum
859 1382 898 1426 ex
920 1363 1046 1426 adversa
1063 1369 1158 1446 parte,
1183 1383 1222 1426 ex
1245 1367 1347 1426 rnaiori
1370 1369 1453 1446 parte
1469 1361 1655 1448 deperditum
1677 1370 1707 1424 ct

581 1447 748 1510 abscissum
763 1457 818 1527 est,
840 1453 881 1512 ita
903 1456 936 1512 ut
957 1457 1132 1512 remaneant
1153 1455 1263 1512 tantum
1287 1457 1374 1531 caput
1392 1447 1551 1515 humanum
1566 1447 1709 1510 radiatum

583 1541 614 1596 et
634 1551 703 1615 pars
724 1537 942 1616 inscriptionis:
965 1533 1057 1597 Enim.
1083 1584 1090 1598 .
1115 1582 1122 1598 .
1146 1555 1176 1620 g.
1201 1553 1264 1617 eps.

958 1738 1076 1862 oxu.

760 1973 846 2037 Circa
866 1973 956 2036 linem
978 1975 1092 2038 saeculi
1115 1974 1274 2038 undecimi.

330 2131 482 2226 hlergart
505 2141 660 2202 ‘matrona
685 2129 863 2202 mulierem
888 2129 1091 2223 liedwigam
1123 2153 1198 2202 cum
1231 2131 1338 2203 tribus
1369 2130 1522 2202 ciusdem
1548 2128 1627 2206 bliis
1654 2141 1708 2202 sto

560 2227 760 2302 Pantaleoni
787 2231 822 2300 in
846 2227 1119 2333 wirceburgensi
1144 2230 1305 2326 capitolio
1332 2229 1479 2324 delegat.

430 2380 469 2456 G.
520 2381 564 2456 Jn
588 2383 726 2454 nomine
754 2389 872 2452 sancte
905 2390 940 2451 et
970 2379 1140 2452 indiuiduo
1166 2383 1334 2454 trinitatis.
1386 2379 1549 2456 Omnibus
1585 2383 1710 2460 Christi

330 2479 483 2556 fidelibus
508 2483 705 2553 uniuersum
731 2477 1023 2572 wirceburgensis
1058 2479 1208 2552 ecclesie
1243 2479 1285 2553 de
1320 2481 1421 2556 domo
1454 2487 1566 2556 sancti·
1586 2485 1710 2558 Kiliani

331 2583 516 2676 collegium
541 2591 738 2677 perpetuam
763 2581 798 2650 in
823 2601 910 2651 vero
937 2578 1077 2654 salutari
1093 2580 1247 2652 salutem.
1276 2581 1441 2668 Quoniam
1454 2585 1523 2654 uita
1538 2583 1708 2660 hominum

331 2692 586 2779 superterram
610 2679 706 2752 breui
743 2677 810 2750 dne
843 2677 1074 2768 concluditur,
1116 2679 1239 2752 litteris
1264 2681 1462 2778 plerumque
1489 2683 1580 2759 solet
1605 2708 1708 2758 man-

332 2781 424 2872 dari,
463 2779 553 2875 prod
586 2783 621 2851 in
654 2781 818 2850 memoria
853 2777 1065 2852 desideratur
1091 2775 1219 2851 haberi.
1269 2782 1414 2878 Propter
1446 2781 1513 2854 hoc
1537 2789 1707 2878 presentis

328 2885 453 2978 pagine
491 2879 619 2952 cartula
658 2888 852 2950 annotatum
890 2887 964 2968 est,
1005 2877 1095 2972 quod
1134 2879 1276 2973 quedam
1320 2893 1473 2955 matrona
1510 2885 1708 2978 Mergart

329 2983 468 3054 nomine
493 3001 569 3051 cum
596 3000 768 3052 consensu
793 2981 903 3050 mariti
930 2981 982 3051 sui
1009 2987 1044 3049 et
1068 2977 1214 3050 liliorum
1241 2984 1315 3054 eius
1340 2983 1516 3054 mulierem
1543 2984 1706 3080 quandam

330 3083 468 3154 nomine
500 3077 726 3171 lledewigam
760 3100 835 3150 cum
871 3077 976 3152 tribus
1020 3077 1099 3152 liliis
1139 3083 1210 3152 suis
1243 3080 1467 3154 Adelhorcne
1500 3081 1634 3156 scilicet
1672 3095 1707 3156 et

329 3181 491 3254 Heinrico
508 3188 543 3251 et
557 3173 728 3269 Glnrado,
754 3200 840 3274 quos
864 3177 961 3250 titulo
989 3177 1126 3250 dominii
1151 3181 1225 3251 iure
1251 3179 1456 3255 hereditario
1482 3185 1516 3254 in
1541 3187 1706 3280 proprie·

329 3291 399 3354 tate
425 3298 488 3354 saa
511 3276 621 3350 libere
655 3287 690 3350 et
715 3281 790 3352 sine
823 3281 914 3350 omni
939 3277 1207 3350 contradictione
1233 3279 1417 3372 habuerat,
1450 3303 1513 3377 pro
1552 3285 1704 3356 remedio

330 3385 440 3454 anime
466 3401 531 3453 sue
556 3388 592 3450 et
615 3387 791 3474 parentum
829 3399 968 3451 suomm
1008 3379 1118 3452 salute
1145 3387 1263 3452 sancto
1288 3379 1487 3454 Pantaleoni
1512 3382 1547 3454 in
1570 3387 1704 3456 wirce-

330 3481 495 3576 burgensi
516 3477 678 3576 oapitolio
705 3477 747 3551 de
773 3476 874 3550 domo
899 3480 989 3550 iusto
1016 3478 1113 3564 titulo
1140 3489 1176 3552 et
1200 3477 1290 3552 bona
1313 3479 1379 3554 lide
1403 3481 1589 3575 delegauit,
1608 3487 1704 3580 ipsos

331 3579 492 3657 uidelicet
516 3587 552 3652 et
577 3599 713 3652 omnem
737 3581 971 3674 posteritatem
995 3599 1125 3668 eorum,
1152 3580 1253 3652 simili
1279 3583 1379 3654 etiam
1406 3582 1613 3674 conditione,
1640 3607 1706 3679 qaia

328 3681 522 3776 prepositus
547 3675 783 3752 Richollus
810 3675 851 3749 ad
877 3675 1021 3755 eundem
1047 3678 1177 3752 titulum
1203 3679 1359 3754 homines
1385 3703 1468 3756 suos
1494 3681 1644 3774 donauit,
1669 3695 1706 3757 ut

329 3789 365 3852 et
388 3779 439 3852 illi
464 3801 511 3852 ex
535 3800 601 3874 quo
625 3777 717 3850 xiie·
740 3798 905 3850 annorum
928 3775 1075 3867 luerint,
1102 3788 1173 3854 tres
1199 3779 1390 3854 denariatas
1417 3805 1498 3856 cere
1523 3787 1559 3859 in
1583 3784 1703 3879 vigilia

328 3878 421 3954 beati
440 3877 573 3952 'rhome
599 3897 703 3974 super
727 3875 836 3952 altare
859 3874 950 3950 beati
975 3875 1193 3951 Pantaleonis
1221 3878 1365 3956 oueraat
1390 3891 1426 3954 ot
1449 3882 1611 3961 decetero
1637 3887 1702 3979 ipsi

329 3989 364 4052 ct
399 3987 520 4054 cuncta
550 3971 594 4050 ab
620 3999 664 4049 eox
686 3973 795 4053 linens
828 3977 1013 4073 posteritas
1048 3973 1090 4050 ab
1124 3981 1215 4053 omui
1234 3999 1393 4075 prorsus
1426 3985 1508 4077 iugo
1546 3987 1702 4060 mamm
