3768 4728
254 337 326 422 306
825 333 1043 410 Monumenta

253 536 336 610 XL0·
369 541 507 710 2tppppilp,
550 558 668 608 meuse
709 535 815 624 binii,
850 535 1043 610 indictionis
1091 540 1224 634 prime,
1267 533 1481 634 pontificatus
1524 537 1633 608 nostri

254 657 344 710 auno
481 652 504 688 ⁰·

466 783 644 866 Appondent
668 783 727 847 duo
751 783 858 871 sigilla.

844 1081 1036 1156 CCLXXV.

666 1256 751 1318 Auno
778 1249 857 1316 1243
876 1299 885 1332 ,
907 1257 937 1315 lu
960 1271 1063 1316 mense
1085 1252 1233 1336 Augusto.

254 1411 468 1484 Hermennus
507 1408 757 1504 herbipolensis
795 1411 978 1504 episcopus
1025 1417 1171 1479 renovat
1211 1406 1427 1504 privilegium
1471 1403 1632 1502 specialis

255 1513 478 1608 protectionis
505 1509 546 1578 ab
574 1512 737 1602 episcopo
765 1507 914 1596 Οιιοιιιι,
939 1517 1059 1602 patruo
1087 1529 1163 1596 suo,
1189 1506 1380 1580 bominibus
1407 1504 1449 1576 de
1471 1505 1633 1600 Rimpure

375 1609 419 1682 ob
446 1611 672 1703 proprietates
700 1629 779 1678 suas
807 1631 835 1680 s.
861 1607 997 1679 lliliano
1026 1607 1106 1677 clim
1134 1607 1265 1679 oblatas
1293 1627 1508 1677 concessum.

353 1735 395 1808 Η.
424 1735 478 1806 dei
504 1738 612 1827 gratie
638 1733 890 1829 herbipolensis
907 1739 1089 1830 episcopus
1107 1791 1115 1806 .
1134 1789 1142 1806 .
1161 1791 1169 1807 .
1188 1791 1196 1806 .
1236 1733 1452 1808 Nouerint..
1478 1735 1632 1804 uniuersi

253 1835 351 1908 huius
377 1838 501 1930 pagine
528 1837 756 1928 inspectores,
782 1835 870 1928 quod
897 1836 1012 1908 dilecti
1047 1835 1148 1908 uobis
1173 1835 1329 1906 hemines
1355 1833 1397 1904 de
1422 1831 1632 1926 Rimpure

254 1933 297 2007 cd
321 1945 472 2006 nestram
510 1932 713 2006 accedentes
747 1939 963 2030 presenciam
997 1935 1211 2030 priuilegium
1246 1931 1412 2030 quoddam
1449 1929 1490 2002 ab
1528 1942 1632 2002 aute-

256 2055 401 2108 cessore
431 2045 550 2104 nostro
578 2037 743 2105 memorie
769 2030 955 2107 recolende
969 2039 1133 2132 episeopo
1151 2033 1327 2120 Οιιοιιο,
1353 2043 1472 2128 patruo
1498 2041 1632 2118 nostro,

254 2137 306 2206 eis
333 2133 494 2206 indultum
522 2131 621 2204 nobis
650 2131 854 2222 obtuleruut,
882 2139 915 2205 iu
942 2158 1007 2228 quo
1035 2138 1089 2206 ivs
1116 2157 1248 2221 eorum,
1274 2135 1418 2228 qualiter
1439 2129 1632 2205 subuostra

254 2243 288 2305 et
314 2255 554 2304 successorum
582 2243 776 2305 nostrorum
811 2233 1012 2306 delensione
1038 2237 1174 2330 protegi
1209 2232 1372 2318 debeanm
1411 2230 1631 2304 ostendentes

254 2357 274 2403 a
299 2333 398 2406 nobis
426 2333 595 2404 humiliter
621 2333 869 2428 supplicarunt.
909 2347 944 2406 ιιι
969 2338 1065 2430 ipsos
1092 2339 1125 2406 in
1150 2337 1226 2428 jure
1253 2355 1371 2404 eorum
1398 2343 1517 2404 nostre
1545 2353 1631 2427 pro-

253 2436 411 2508 tectionis
447 2443 481 2506 et
515 2432 620 2505 tutele
658 2435 808 2527 presidio
846 2436 1032 2508 del'eudere
1073 2456 1290 2524 curaremus,
1328 2435 1423 2504 cuius
1461 2431 1631 2527 priuilegii

253 2541 352 2604 tenor
377 2555 440 2627 per
467 2536 577 2604 omnia
603 2531 681 2602 talis
709 2545 800 2606 erat:
828 2533 875 2618 „l
903 2559 936 2606 ιι.
966 2559 992 2608 s.
1020 2557 1051 2606 e.
1078 2538 1100 2605 i.
1128 2545 1151 2606 ι.
1189 2532 1266 2612 ouo
1294 2532 1348 2602 dei
1376 2533 1485 2624 gralia
1511 2531 1632 2603 berbi·

254 2633 409 2727 polensis
437 2637 619 2727 episcopus
637 2685 645 2702 .
662 2687 669 2702 .
685 2641 719 2702 .“
746 2633 850 2725 (Vide
865 2658 966 2729 supra
990 2633 1049 2706 Νι.
1064 2630 1292 2724 CLXXXVI.)
1317 2630 1390 2704 Nos
1407 2635 1519 2725 itaque
1544 2654 1631 2726 pre-

253 2732 416 2806 dictorum
444 2733 615 2804 hominum
639 2732 798 2827 precibus
824 2736 974 2806 inclinati
999 2737 1170 2806 intuentes
1196 2731 1372 2820 allectum,
1407 2753 1506 2826 quem
1541 2734 1632 2802 circa

252 2855 317 2904 nos
345 2842 379 2904 et
404 2842 554 2904 nostram
584 2833 766 2904 ecclesiam
794 2857 920 2928 gerere
946 2833 1158 2920 uidebantur,
1184 2855 1261 2920 eos,
1287 2835 1342 2926 qui
1369 2833 1511 2926 prestito
1533 2834 1631 2902 iura-

252 2941 367 3002 mento
392 2930 501 3012 nobis
521 2929 715 3004 fidelitatem
750 2933 924 3022 lecerunt,
961 2933 1121 3005 uidelicet
1153 2932 1308 3006 homines
1342 2954 1387 3004 ex
1422 2933 1632 3026 proprietate

251 3029 351 3102 nobis
380 3040 414 3102 et
440 3031 591 3103 ecclesie
618 3042 736 3103 nostre
762 3036 943 3106 attinentes
969 3046 1003 3106 et
1029 3035 1117 3106 alios
1145 3035 1177 3104 in
1203 3037 1278 3130 ipsa
1303 3031 1384 3102 uilla
1403 3029 1630 3102 residenciam

253 3127 429 3219 babentes
454 3153 595 3225 quorum
623 3135 866 3226 progenitores
894 3139 1120 3229 proprietates
1153 3155 1233 3205 suas
1266 3141 1386 3204 nostre
1418 3129 1632 3202 donauerunt

252 3229 402 3302 ecclesie
429 3240 464 3302 et
488 3241 746 3326 resumpserunt
770 3255 833 3328 pro
860 3255 969 3304 annua
995 3237 1162 3329 pusione
1188 3257 1208 3305 a
1233 3229 1514 3304 nostraecclesia
1541 3253 1631 3326 pos-

252 3328 422 3416 silendus,
449 3341 548 3425 prout
574 3335 607 3402 iu
633 3331 754 3402 eodem
770 3332 952 3427 priuilegio
980 3343 1033 3404 cst
1059 3353 1262 3428 expressum
1289 3329 1431 3403 acolius
1447 3329 1631 3424 quoslibet,

252 3431 366 3523 quiin
394 3430 656 3524 proprietatibus
693 3435 764 3502 suis
801 3431 923 3504 ibidem
952 3431 1103 3504 resident
1141 3443 1176 3504 et
1208 3429 1307 3504 nobis
1336 3441 1502 3524 tamquam
1529 3429 1630 3503 iudici

252 3539 344 3600 terre
372 3534 504 3603 seruire
532 3541 700 3620 tenentur,
727 3532 909 3624 quemlibet
938 3536 970 3604 in
997 3554 1059 3604 suo
1087 3536 1161 3602 iure
1188 3542 1221 3602 et
1249 3554 1382 3602 omnem
1394 3533 1629 3625 posteritatem

252 3649 347 3700 suam
373 3631 407 3700 in
433 3641 584 3702 nostram
607 3641 641 3700 et
657 3631 807 3702 ecclesie
821 3643 941 3704 nostre
958 3635 1204 3726 protectionem
1220 3633 1443 3724 suscepimus,
1470 3629 1630 3703 uolentes

251 3749 314 3800 eos
351 3749 412 3822 per
439 3733 550 3800 omnia
577 3729 765 3802 conlouere
791 3734 824 3801 in
860 3743 974 3825 optato
1009 3731 1219 3804 defensionis
1254 3728 1404 3802 subsidio
1439 3741 1473 3802 et
1504 3733 1538 3801 in
1573 3752 1630 3820 eo,

250 3825 340 3919 quod
365 3832 461 3921 ipsos
487 3830 542 3900 uel
569 3828 659 3900 buna
674 3851 792 3900 eorum
810 3831 960 3904 ecclesie
980 3843 1098 3904 nostre
1115 3829 1190 3903 data
1216 3842 1248 3902 et
1265 3834 1466 3925 pensionem
1479 3833 1629 3924 ipsorum

249 3924 438 4017 bonorum,
463 3948 528 4021 que
553 3927 653 4000 nobis
681 3929 825 4023 singulis
853 3933 949 4002 annis
984 3941 1037 4004 esi
1072 3929 1258 4016 soluendm
1290 3929 1386 4003 nullo
1412 3929 1630 4004 alienationis
