3836 4722
349 470 398 544 50
909 469 1128 542 blonumenta

325 666 662 741 erkenberuus
689 677 942 741 consenserunt
963 678 1002 740 et
1026 667 1092 740 boo
1117 689 1181 742 suo
1206 671 1282 740 iare
1308 665 1431 741 stabile
1445 663 1612 739 iecerunt.
1638 667 1738 762 Ergo

348 779 386 840 ut
409 766 477 840 boo
490 779 624 863 paetum
649 767 887 842 inconuulsum
902 777 1100 862 permaneat
1124 766 1211 838 bane
1236 775 1364 839 certam
1380 763 1559 859 utrobique
1585 789 1739 840 seruan-

349 866 425 938 dam
452 866 555 941 soribi
581 867 725 940 fecimus
761 877 797 939 et
829 867 936 961 sigilli
956 870 1075 940 ‘nostri
1109 869 1330 964 inpressione
1360 864 1645 940 confirmabimus.
1699 865 1738 941 Si

349 970 424 1062 quis
451 977 562 1039 autem
588 967 657 1039 boe
678 977 814 1062 paetum
839 966 1030 1061 infringere
1053 969 1320 1062 presumpserit,
1360 966 1462 1038 banni
1494 969 1605 1039 nostri
1638 969 1738 1060 uirga

349 1088 536 1162 percussus
569 1065 748 1138 anathema
786 1069 840 1138 sit.
893 1067 1000 1140 Huius
1034 1069 1086 1137 rei
1123 1077 1233 1139 testes
1268 1076 1364 1139 sunt:
1414 1064 1494 1136 Otto
1527 1068 1737 1162 prepositus.

349 1165 446 1239 Babo
472 1163 635 1240 deounus.
679 1163 873 1260 sigefridus
899 1169 1106 1262 prepositus.
1141 1163 1374 1238 Gebebardus.
1400 1163 1607 1239 burkardus.
1635 1165 1738 1237 Hen-

349 1269 442 1340 rious
469 1277 598 1338 oantor.
626 1265 841 1338 Goteboldus
868 1287 998 1339 eomes.
1026 1264 1117 1337 Otto.
1153 1259 1340 1338 Gdnradus.
1371 1263 1600 1338 Folonandus.
1636 1259 1739 1336 Grin-

348 1365 463 1440 radns.
499 1364 585 1437 Eho.
614 1366 722 1459 Jring.
748 1365 850 1438 Bern.
878 1364 1093 1438 Buroherdus
1120 1365 1238 1436 etalii
1265 1386 1362 1460 mam
1388 1364 1517 1459 plures.

450 1466 539 1538 Aeta
556 1465 706 1559 sunthpo
722 1488 810 1536 anno
824 1463 991 1557 dominice
1003 1467 1246 1537 incarnationis
1261 1464 1446 1537 Millesimo
1458 1463 1495 1535 Ο.
1508 1461 1727 1535 xxxvltllo·

348 1562 535 1637 indictione
550 1561 635 1655 11⁶2,
652 1587 740 1637 anno
757 1566 797 1637 l⁰·
812 1563 959 1636 Gibradi
976 1567 1092 1658 regis,
1111 1563 1236 1636 Ottone
1254 1563 1541 1657 babenbergense
1558 1566 1739 1662 episeopo.

561 1733 657 1818 sigilli
686 1738 824 1815 impressi
854 1739 966 1796 tantum
991 1751 1061 1815 pars
1083 1737 1221 1815 superior
1244 1733 1337 1796 edest.

949 2235 1133 2310 LXXXVI.

938 2364 1028 2470 rinno
1053 2402 1145 2469 1140.

347 2579 532 2653 Embriobo
561 2582 745 2674 episeopus
772 2575 1014 2652 ministeriales
1052 2599 1073 2648 e
1109 2575 1271 2670 Gemmgo
1307 2573 1473 2672 quodam,
1503 2575 1622 2650 liberis
1658 2589 1738 2651 orto

347 2679 536 2770 natalibus,
570 2701 645 2750 oum
680 2687 795 2752 oestro
820 2674 1117 2750 Wielandesheim
1151 2675 1324 2749 eeclesiae
1360 2697 1443 2750 suae
1478 2675 1658 2771 delegatos
1693 2677 1738 2750 ab

531 2781 642 2851 omnis
670 2775 810 2851 servilis
837 2777 999 2870 ungariae
1026 2777 1209 2848 exactione
1234 2774 1365 2849 liberos
1392 2775 1554 2847 declarat.

449 2960 487 3033 G.
515 2963 558 3035 Jn
583 2964 722 3035 nomine
749 2969 868 3034 eenote
895 2969 930 3033 et
955 2958 1127 3032 individue
1153 2961 1322 3033 trinitatis.
1356 2957 1517 3032 Embriao
1542 2958 1598 3031 dei
1624 2965 1737 3054 gratia

345 3060 639 3155 wirceburgensis
666 3059 817 3134 ecclesie
842 3063 1036 3156 episeopus.
1062 3061 1163 3133 Ratio
1189 3057 1289 3132 nobis
1316 3057 1473 3132 diuinitus
1500 3059 1630 3132 oredite
1655 3060 1737 3134 dis-

347 3163 559 3256 pensationis
576 3161 785 3259 expostulat,
809 3159 964 3234 omnibus
979 3169 1100 3234 nostre
1122 3159 1366 3256 speeulationis
1384 3157 1534 3254 presidia
1556 3181 1603 3231 ex
1617 3159 1736 3234 debito

348 3281 411 3335 sue
437 3261 642 3336 conditionis
670 3259 951 3357 amplectentibus
978 3283 1044 3334 nos
1070 3263 1127 3356 pio
1154 3257 1265 3334 studio
1292 3257 1507 3353 respondere
1534 3281 1576 3330 ae
1601 3280 1735 3334 summa

345 3359 559 3456 prouidentia
594 3383 639 3434 no
676 3365 910 3458 inposterum
947 3381 1011 3435 eos
1046 3381 1066 3431 a
1099 3363 1152 3433 sui
1184 3362 1268 3444 iuris
1306 3369 1394 3432 statu
1430 3359 1521 3430 lorte
1558 3357 1735 3433 deelinere

348 3464 524 3556 contingat
549 3461 742 3556 prouidere.
795 3459 899 3532 Cuius
926 3464 978 3532 rei
1004 3459 1292 3555 contemplatione
1317 3467 1433 3530 notum
1461 3479 1543 3532 esse
1574 3459 1736 3534 uolumus

345 3563 558 3634 uniuersitati
581 3571 646 3632 tam
669 3563 877 3656 presentium
899 3581 997 3656 quam
1023 3559 1301 3654 subsequentium
1317 3557 1443 3630 Christi
1458 3556 1619 3650 bdelium,
1643 3559 1736 3654 quod

347 3681 421 3731 eum
448 3659 573 3733 nobilis
600 3660 731 3755 quidam
753 3659 990 3755 Gerungus
1015 3664 1167 3751 nomine,
1192 3657 1311 3730 liberis
1336 3667 1431 3730 ortus
1451 3657 1640 3752 natalibus,
1667 3680 1734 3755 pro

344 3759 498 3832 remedio
525 3763 636 3831 anime
663 3781 726 3832 sue
752 3773 899 3834 oasbum
926 3781 1023 3834 suum
1048 3759 1210 3832 uidelicet
1234 3757 1621 3831 Wielantesbeim
1655 3781 1735 3834 oum

344 3857 501 3933 omnibus
535 3859 662 3955 prediis
688 3859 931 3953 adiacentibus,
960 3881 1035 3933 eom
1062 3855 1351 3946 ministerialibus,
1377 3879 1452 3928 oum
1479 3862 1736 3951 mansionariis,

346 3980 421 4030 eum
447 3962 566 4055 pratis,
593 3978 667 4029 cum
687 3960 858 4055 pasebuis,
886 3985 961 4034 eum
983 3964 1094 4033 uineis
1113 3967 1232 4033 saneto
1249 3957 1397 4053 Kyllene
1411 3963 1539 4030 martiri
1557 3962 1738 4054 sociisque

346 4061 418 4133 suis
458 4057 655 4156 delegaret,
694 4061 857 4156 quosdam
899 4057 1142 4135 ministeriales
1182 4077 1285 4148 suos,
1317 4055 1522 4150 Fridebare,
1556 4057 1738 4152 Dietburo,
