3794 4722
537 478 753 574 episcopatus
780 473 1071 570 wira'burgeusis.

748 801 882 878 cxxu.
925 885 926 888 ,

712 999 802 1101 aaa
823 937 943 1065 nra

27 1203 29 1294 j
140 1188 373 1287 liegenlturdus
399 1188 689 1281 wirceburgensis
715 1186 889 1262 ecelesiae
901 1189 1057 1286 minister
1072 1209 1172 1261 oreas
1185 1188 1359 1284 quasdam,
1386 1191 1501 1260 curiae

27 1373 29 1382 .
140 1311 214 1367 suae
232 1284 410 1369 ‚claustrali
436 1292 743 1376 contaminasse
767 1287 864 1361 titulo
890 1290 1070 1384 emptionis
1095 1293 1317 1386 conquisitas‚
1340 1304 1407 1362 nec
1430 1309 1501 1362 non

27 1413 29 1432 ’
140 1393 327 1487 maingera
342 1393 519 1465 vinearum
532 1391 568 1462 iu
585 1383 855 1477 Goaboltestori,
875 1387 947 1460 'sub
971 1392 1153 1463 constituto
1180 1409 1286 1464 censu
1308 1409 1372 1484 pro
1398 1392 1500 1462 anni-

27 1493 28 1516 *
287 1493 446 1566 versario
472 1511 536 1564 suo
563 1491 754 1564 transmittit
779 1489 814 1560 in
838 1498 999 1584 nepotem
1025 1511 1122 1564 suom
1146 1487 1339 1562 (loriacum.

228 1657 264 1734 (l.
316 1655 353 1732 ln
379 1659 516 1730 nomine
542 1665 657 1748 sancte
692 1665 726 1728 at
752 1653 917 1748 indiuidue
954 1659 1122 1732 trinitatis.
1175 1655 1501 1753 Regenbardus

141 1757 188 1832 dei
210 1762 318 1856 gratia
344 1757 634 1851 wirceburgensis
661 1755 809 1846 ecclesie
836 1757 991 1830 minister
1017 1757 1173 1834 omnibus
1197 1757 1323 1834 Christi
1348 1757 1501 1832 fidelibus

140 1867 196 1932 tum
218 1859 434 1956 presentibus
461 1862 560 1954 qaam
584 1867 662 1954 post
687 1857 808 1932 lutaris
836 1855 979 1930 salutem
1005 1865 1040 1930 et
1055 1859 1177 1952 gaudia
1203 1869 1321 1952 eterna
1338 1861 1503 1954 consequi

140 1961 168 2032 iu
192 1957 383 2052 celestibus.
437 1957 519 2032 Crura
547 1957 664 2028 ultione
691 1955 873 2030 uoluntatis
905 1957 1002 2032 stilus
1030 1961 1073 2032 sit
1097 1955 1185 2032 liber
1211 1981 1357 2034 censura
1382 1959 1501 2053 iegati,

140 2061 168 2132 in
191 2057 372 2132 ordinanda
398 2059 656 2132 transmissione
682 2055 879 2132 hereditatis
905 2059 941 2130 in
965 2069 1127 2154 posteros
1153 2059 1235 2154 lege
1260 2058 1500 2150 testamentali,

141 2162 236 2232 uisuur
262 2169 317 2232 est
342 2158 478 2252 dignum
504 2161 657 2246 ratione,
692 2167 728 2228 ut
755 2159 787 2228 in
812 2152 980 2230 bonorum
1005 2169 1201 2234 nostrorum
1236 2159 1433 2256 predialiunr
1467 2161 1511 2232 in¹

27 2275 29 2320 t
141 2269 267 2334 nostros
301 2258 447 2332 heredes
481 2257 793 2332 transferendorum
827 2255 1081 2354 dispensatione
1105 2271 1173 2334 tarn
1199 2260 1341 2356 prouida
1368 2270 1501 2354 umque

27 2357 29 2416 ’ἓ
142 2361 375 2456 circumspecte
401 2381 602 2453 ageremus,
638 2381 681 2429 nc
706 2353 749 2430 ab
775 2353 859 2452 ipsi's
887 2381 933 2430 ex
958 2357 1070 2453 aliqua
1094 2369 1211 2450 nosue
1252 2359 1402 2432 lenitatis
1438 2381 1502 2432 seu

28 2483 29 2488 ¹
141 2459 337 2556 negligentia
364 2459 463 2556 culpa
488 2453 749 2548 exheredandis‚
774 2453 1048 2533 maledictionem
1065 2481 1127 2556 pro
1145 2457 1382 2532 benedictione
1402 2460 1501 2530 reci-

141 2579 299 2653 peremus.
349 2557 474 2653 Nostrq
511 2561 601 2630 enim
638 2560 745 2652 anime
780 2557 881 2652 saluti
917 2555 1102 2652 derogaret
1127 2559 1243 2652 ouantis¹
1264 2559 1503 2632 controuersia

141 2679 195 2732 seu
216 2660 390 2734 distractio
418 2681 536 2732 eorum
561 2655 728 2732 bonorum
755 2658 789 2732 in
812 2656 942 2732 alienes
958 2681 1125 2756 personas
1142 2657 1393 2734 translaturum.
1419 2655 1501 2730 lude

142 2759 308 2856 estquod
335 2769 451 2832 notum
476 2781 557 2832 esse
583 2754 739 2832 uolumus
766 2756 920 2833 omnibus
948 2772 1014 2832 tam
1038 2757 1255 2858 presentibus
1280 2781 1379 2854 quarn
1397 2765 1501 2854 post-

141 2853 263 2952 utana,
287 2860 432 2958 qualiter
455 2881 554 2932 areas
580 2855 741 2954 quasdam
768 2857 832 2929 sibi
858 2859 1003 2932 inuicem
1023 2861 1251 2934 conterminas
1272 2862 1503 2950 nostrecurip

31 3001 32 3030 t
143 2957 315 3052 claustrali,
339 2963 373 3032 in
399 2982 463 3056 qua
489 2981 553 3034 nos
580 2981 655 3032 cunr
671 2957 797 3032 lamilia
812 2969 930 3034 nostra
941 2959 1170 3034 habitabamus
1185 2963 1387 3054 contiguas·
1404 2957 1501 3031 titulo

32 3055 33 3060 ’
143 3065 310 3158 emptionis
338 3063 544 3158 conquisitas
568 3059 603 3130 in
627 3080 727 3132 unam
753 3061 974 3154 conpagiurus
996 3061 1136 3152 curiam,
1162 3082 1225 3156 que
1251 3084 1271 3132 a
1297 3059 1363 3134 fine
1389 3069 1497 3154 purte,

143 3177 197 3252 que
214 3171 266 3234 cst
284 3183 407 3234 uorsus
427 3157 651 3250 occidentem,
677 3155 760 3234 duas
779 3165 930 3234 continet
944 3183 1059 3254 areas,
1084 3181 1184 3236 worn
1200 3159 1335 3250 stabuli,
1360 3159 1502 3231 alterata
1556 3247 1562 3256 ι

33 3263 34 3346 j
145 3265 271 3358 coquinq
298 3259 439 3334 edificiis
465 3269 674 3356 occupatam,
699 3269 794 3356 porte
822 3253 1015 3356 contiguam
1033 3257 1211 3358 aquodam
1226 3259 1326 3332 uidua
1344 3257 1501 3334 Hilde-

34 3433 35 3438 ,
145 3361 271 3450 gunda
303 3365 462 3452 nomine,
498 3359 589 3432 illius
623 3381 708 3431 uero
744 3358 978 3433 collateralem
1012 3356 1201 3456 aquodam
1229 3356 1434 3452 Girnrado
1460 3355 1502 3426 de

144 3457 528 3556 llingoldcsbusen
555 3469 781 3555 conparatam.
821 3460 905 3533 item
931 3483 977 3534 ex
1004 3464 1162 3558 opposito
1186 3481 1309 3534 uersus
1337 3459 1503 3531 orientem

145 3555 217 3634 duas
241 3561 340 3636 habet
364 3583 483 3654 areas,
520 3559 679 3656 predictis
706 3559 833 3636 duabus
858 3560 1127 3636 occidentalibus
1154 3561 1353 3656 oppositas,
1396 3567 1431 3629 et
1455 3577 1502 3629 ex

143 3653 239 3734 latere
265 3687 285 3734 a
311 3663 469 3743 columna
494 3657 647 3754 angulari
672 3654 799 3758 prelata
827 3666 917 3754 curie
942 3661 1118 3738 claustrali
1133 3663 1370 3732 conterminas.
1399 3657 1497 3745 Qua-

144 3777 209 3832 rurn
231 3762 352 3851 altera,
374 3762 503 3836 habeus
529 3760 695 3856 capellam
719 3771 757 3832 et
780 3765 973 3858 contiguam
997 3761 1061 3838 sibi
1083 3763 1294 3850 caminatam,
1319 3755 1503 3853 aquodam

145 3853 381 3952 llertwicc‚
407 3865 462 3958 qui
489 3857 791 3955 cognominabatur
821 3861 1006 3954 Solate,
1023 3861 1168 3957 reliqua
1194 3856 1502 3947 aeromantiam,

145 3959 271 4058 reliquis
297 3961 435 4054 edificiis
458 3963 630 4036 matinata
657 3972 832 4058 occupata,
858 3963 1041 4058 aquodam
1062 3962 1300 4052 lleinrico,
1328 3957 1502 4030 Grcbso

146 4065 387 4156 cognominato,
411 4072 567 4158 coempta
592 4069 656 4140 est.
681 4059 752 4136 llus
776 4067 888 4160 itaque
914 4085 1012 4138 arcas
1029 4066 1064 4137 in
1081 4083 1182 4134 unam
1198 4071 1235 4136 ut
1253 4057 1502 4158 supradiximus

39 4221 41 4282 p
168 4209 592 4256 mmtatmrnamana
1126 4162 1174 4235 14
