3794 4722
580 471 798 566 episcopatus
832 468 1126 564 wirsiburgensis.
1499 473 1546 544 tr

258 663 351 736 Aeta
376 674 454 738 sunt
478 664 542 757 bec
576 687 664 740 anno
698 666 866 760 dominice
898 671 1142 742 incarnationis
1176 668 1237 740 Mc.
1267 667 1318 740 ΟΦ·
1342 667 1394 740 Lo.
1420 667 1547 762 Villo,

160 772 329 854 regnante
356 762 614 856 gloriosissimo
651 767 839 840 Fredericc
872 768 1107 841 Romanorum
1143 771 1349 863 imperatore
1387 778 1548 864 augusto,

160 859 256 935 buius
284 866 433 936 nominis
458 867 581 959 primo.
629 933 635 944 ,
949 886 951 889 ·

373 1059 510 1144 Sigillum
530 1062 656 1126 Mnoldl
677 1067 857 1144 impressum
880 1070 911 1124 et
931 1063 1011 1126 hene
1034 1072 1260 1144 conservatum,
1290 1065 1368 1130 bunc
1401 1073 1548 1132 mitratum

372 1150 402 1207 ln
431 1145 533 1208 babitu
563 1147 724 1228 pontificali
756 1156 966 1230 representat,
988 1148 1092 1212 dextra
1129 1151 1256 1232 pedum,
1289 1155 1408 1216 sinistra
1442 1153 1548 1216 librum

371 1231 599 1380 ffipffiprffi
626 1239 895 1381 lgssepllsemiflblffi
916 1239 1129 1382 ἰὲεΡοᾶίριῡοιιθι
1153 1233 1361 1310 †ARNOL1)⁹
1382 1237 1431 1303 Dl.
1458 1237 1546 1302 ΕΒΑ.

820 1799 889 1874 011.

615 2003 618 2012 '
749 1999 837 2064 Anno
866 1995 956 2063 1158.

158 2199 336 2275 Arnoldus
372 2201 590 2294 maguntinus
625 2198 916 2295 archiepiscopus·
941 2199 1082 2296 praedia
1121 2199 1285 2295 quaedam
1311 2205 1346 2274 in
1378 2203 1545 2276 Hocbeim

161 2313 195 2374 et
220 2305 256 2373 in
284 2300 486 2390 Hedenstat,
513 2300 717 2394 pertinentia
744 2303 955 2370 monasterio
983 2299 1289 2372 sanctimonialium
1310 2305 1345 2372 in
1361 2303 1548 2398 Magantia,

159 2399 315 2474 lleroldo
342 2397 635 2492 wirceburgensis
665 2397 837 2470 ecclesiae
872 2401 992 2469 maiori
1018 2403 1216 2494 praeposito
1245 2405 1469 2494 oppignorat,
1511 2413 1547 2474 et

160 2502 374 2575 monasterio
401 2521 465 2594 pro
491 2497 612 2571 iisdem
638 2497 766 2593 prediis
795 2497 940 2592 singulis
976 2501 1073 2570 annis
1099 2499 1147 2569 Vl
1179 2495 1284 2571 libras
1318 2503 1352 2571 in
1377 2499 1546 2574 Altav'illa

608 2607 642 2669 et
666 2599 701 2669 in
725 2595 904 2670 Eberbacb
930 2601 1088 2671 restituit.

266 2751 305 2825 G.
358 2753 402 2827 Jn
442 2755 582 2826 nomine
620 2761 737 2844 sancte
781 2763 816 2824 et
860 2752 1029 2843 indiuidua
1070 2755 1240 2827 trinitatis.
1302 2755 1545 2830 Arnoldus

156 2851 282 2926 -diuina
320 2852 459 2926 fauente
504 2853 686 2925 clementia
724 2855 919 2945 magundnp
965 2852 1059 2928 sedis
1103 2851 1394 2949 archiepiscopus.
1460 2854 1545 2928 Gnm
1623 2855 1626 2863 '

159 2961 310 3047 urgente
334 2955 567 3041 necessitate,
603 2950 665 3025 sod
698 2954 799 3024 etiem
832 2951 908 3048 aliis
944 2955 1058 3024 causis
1095 2951 1351 3046 emergentibus
1388 2955 1543 3050 prelatos

160 3053 385 3144 pcclesiarum
410 3053 522 3147 aliqua
548 3054 715 3144 contingit
738 3050 877 3140 iacere,
903 3073 966 3146 que
992 3051 1123 3142 iusticia
1148 3055 1364 3124 inueniuntur
1390 3053 1544 3147 ebriare,

153 3151 399 3246 dignumst,
431 3161 471 3224 ut
496 3153 562 3248 ipsi
588 3151 712 3224 iactum
739 3173 837 3224 suum
862 3149 1052 3224 dissoluant
1088 3153 1183 3224 iuxta
1217 3156 1417 3225 canonicam
1456 3154 1545 3226 hanc

159 3255 412 3341 auctoritatem,
437 3250 528 3346 quod
555 3261 674 3324 contra
699 3251 801 3343 leges
827 3255 1051 3345 presumitur,
1076 3271 1139 3346 per
1163 3251 1264 3344 leges
1292 3251 1436 3325 dissolui
1461 3275 1543 3324 rne-

157 3362 265 3424 retur.
318 3349 444 3423 Notum
469 3354 573 3444 igitur
598 3350 757 3424 uolumus
782 3353 954 3424 uniuersis
982 3372 1083 3438 esse,
1109 3360 1178 3420 tam
1203 3349 1306 3422 futuri
1332 3373 1430 3445 quam
1455 3374 1543 3446 pre-

160 3454 270 3526 sentis
297 3454 354 3522 eni
379 3449 505 3524 Christi
529 3449 699 3539 fidelibus,
726 3449 870 3544 qualiter
895 3471 961 3524 nos
987 3471 1050 3544 pro
1076 3453 1287 3524 necessitato
1311 3460 1429 3523 nostra
1454 3473 1543 3545 pre-

159 3549 214 3622 dia
240 3548 382 3645 quodam
418 3553 454 3624 in
478 3549 687 3622 Hocbeim
714 3557 748 3621 et
775 3553 809 3621 in
833 3548 1151 3643 Hedenstan[l]
1181 3551 1246 3622 sita
1270 3552 1306 3621 in
1343 3553 1543 3645 episcopatu

159 3648 449 3743 wirceburgensi,
474 3653 679 3745 pertinentia
692 3652 902 3723 monasterio
919 3649 1225 3724 sanctimonialium
1240 3652 1286 3720 im
1300 3648 1542 3741 Magantia,

162 3753 239 3822 sine
264 3749 413 3825 consilio
439 3749 586 3840 ecclesie
612 3759 729 3840 nostro
763 3747 892 3843 absque
925 3771 1026 3822 mann
1052 3747 1228 3839 aduocati,
1267 3746 1438 3822 abbatissa
1466 3771 1542 3821 cum

162 3871 322 3924 sororum
350 3847 502 3942 collegio
530 3847 808 3938 contradicente,
844 3871 911 3922 nec
937 3849 1184 3922 meliorationis
1218 3857 1427 3920 contractum
1451 3871 1541 3944 pro-

159 3949 338 4039 uidentes,
371 3969 440 4022 nec
462 3951 818 4044 recompensationem
844 3949 990 4040 ecclesie
1021 3947 1327 4020 sanctimonialium
1361 3947 1542 4041 iacientes,

162 4047 362 4144 quibusdam
388 4045 548 4122 iratribus
574 4047 615 4120 de
642 4047 768 4120 Cella
794 4048 945 4120 uendere
971 4046 1258 4140 disposueramus.
1310 4046 1542 4122 Ammonenta
