3794 4722
318 501 367 574 88
820 469 825 480 ⁸
894 497 1110 572 monumenta

315 699 630 793 wirceburgensem
657 708 691 771 et
702 719 779 870 ger
804 719 924 769 omnes
951 697 1136 784 cometiae,
1170 695 1206 764 in
1237 691 1360 764 eodem
1400 695 1599 787 episcopatu
1636 689 1694 762 vei

319 792 452 872 ducatu
467 801 565 889 sitas,
591 820 699 871 conce
724 801 749 870 't
775 807 809 869 et
835 795 1032 882 confirmat3
1059 815 1122 890 pro
1149 815 1234 889 pace
1251 795 1352 864 etiam
1370 791 1544 864 acclesiae
1559 793 1693 862 wirce·

317 899 498 993 burgensis
535 907 647 972 castra
677 896 868 991 Bramherg
901 905 936 968 et
966 892 1213 986 Frankenberg
1250 891 1380 966 destrui
1412 890 1515 979 iecit,
1552 911 1693 984 quonum

317 997 627 1071 reaedificationem
652 997 790 1071 inhibet.
1689 1005 1692 1014 '

526 1195 643 1260 Editum
656 1192 708 1258 'ex
729 1194 845 1258 duobus
869 1163 1088 1274 exemplaribus
1119 1196 1151 1254 in
1173 1191 1251 1254 bion
1275 1187 1356 1254 Boio.
1379 1189 1443 1253 vot.
1465 1189 1561 1254 ΧΧΙΧ
1583 1189 1660 1252 Part.
1684 1163 1703 1251 Ι1

528 1301 599 1368 pag.
621 1277 684 1345 385
705 1280 760 1344 Nn.
789 1278 963 1344 CGGCGXV
985 1285 1016 1341 ct
1035 1297 1105 1362 pag.
1127 1273 1191 1340 390
1211 1275 1265 1340 Nn
1289 1274 1486 1340 cccccxvt.

963 1846 1050 1920 dlx.

904 2047 994 2112 Anno
1020 2039 1111 2108 1169.

317 2229 488 2306 Heroldus
515 2231 808 2327 wirceburgensis
843 2231 1014 2315 ecclesiae
1049 2232 1204 2304 minister
1243 2226 1419 2302 coufirmat
1445 2231 1695 2318 anniversaria,

318 2354 405 2428 quae
429 2329 592 2407 hibertus
620 2331 663 2404 de
688 2334 799 2408 Autse
825 2331 1057 2406 'thesaurarius
1084 2339 1119 2402 et
1134 2331 1385 2402 concanonicus
1403 2329 1556 2404 eiusdem
1572 2331 1696 2406 eccle-

319 2433 392 2506 siae
418 2454 493 2503 curn
519 2431 659 2528 praedio
686 2435 721 2505 in
745 2431 944 2604 Hopferssittag
969 2429 1265 2602 fsffiarvffhquias
1291 2425 1416 2503 Kiiiani
1443 2433 1590 2504 martiris
1619 2443 1695 2504 tra-

418 2688 456 2758 G.
509 2685 548 2758 ln
573 2687 710 2758 nomine
737 2695 853 2776 sancte
885 2693 920 2756 et
952 2683 1119 2774 indiuidue
1150 2685 1319 2755 trinitatis.
1378 2647 1612 2757 [deroldus
1639 2684 1695 2757 dei

318 2790 427 2881 gratia
451 2785 744 2879 wirceburgensis
771 2784 918 2875 ecclesie
950 2787 1114 2856 minister.
1166 2781 1222 2854 Ex
1254 2782 1367 2857 officio
1401 2783 1560 2857 diuinitus
1593 2783 1694 2860 uobis

309 2889 467 2960 iniuncto
493 2895 648 2956 tenemur
675 2883 832 2956 omnibus
856 2881 955 2956 uobis
984 2885 1175 2956 commissis
1194 2883 1378 2980 prouidere
1405 2895 1439 2956 et
1463 2888 1528 2982 piis
1546 2883 1695 2956 fidelium

319 2989 409 3058 uotis
437 3005 615 3058 assensum
642 2982 809 3078 prebere,
843 3005 907 3078 que
933 2984 1056 3056 litteris
1083 2981 1274 3054 annotanda
1301 2983 1439 3056 etzelo
1465 2987 1600 3080 pietatis
1627 3007 1694 3080 ap-

342 3084 492 3166 robanda
506 3081 699 3155 rationabili
725 3092 842 3174 nostre
870 3082 1164 3156 corroborationis
1192 3083 1353 3176 suffragio
1381 3085 1455 3155 uisa
1481 3093 1692 3177 sunt'egcre.

358 3184 400 3256 de
427 3195 491 3272 est,
519 3181 609 3278 quod
634 3191 751 3254 notum
777 3205 858 3254 esse
872 3181 1030 3255 uolumus
1047 3183 1260 3256 uniuersitati
1285 3193 1352 3256 tam
1370 3187 1580 3278 presentium
1596 3205 1695 3278 quam

323 3283 600 3379 subsequentium
627 3279 752 3354 Christi
787 3281 958 3374 fidelium,
996 3281 1086 3378 quod
1127 3279 1268 3377 quedam
1303 3282 1428 3356 nobilis
1460 3293 1615 3354 matrona
1653 3283 1696 3356 de

320 3385 466 3457 Antsc
491 3380 789 3475 hunegundis
814 3386 975 3474 nomine,
1010 3384 1089 3454 nelo
1116 3381 1172 3456 dei
1198 3381 1316 3472 ducta,
1352 3380 1517 3477 quoddam
1542 3381 1696 3478 predium

320 3487 354 3556 in
379 3483 659 3579 lhopferstat‚
685 3503 747 3576 pro
775 3481 886 3555 salute
912 3485 1023 3554 anime
1056 3504 1118 3556 sue
1155 3491 1190 3553 et
1221 3485 1332 3554 mariti
1359 3485 1411 3554 sui
1435 3481 1695 3573 Reinhardi

319 3583 434 3656 felicis
459 3584 625 3654 memorie
652 3591 687 3653 et
714 3593 892 3677 parentum
918 3605 1056 3654 suorum
1084 3582 1150 3654 deo
1177 3592 1212 3654 et
1225 3592 1343 3655 sancte
1355 3581 1460 3674 Marte
1487 3593 1521 3655 et
1539 3584 1696 3658 omnibus

321 3687 448 3755 sanctis
476 3686 549 3756 eius
572 3685 606 3754 in
632 3681 880 3778 Kizningen
906 3683 1030 3754 deuote
1057 3679 1176 3755 obtulit
1202 3691 1236 3752 et
1262 3680 1476 3772 contradidit,
1501 3683 1591 3778 quot
1606 3706 1695 3779 pre-

321 3781 410 3854 dium
437 3805 511 3853 cum
538 3783 670 3876 reliquo
697 3779 830 3856 adiecto
849 3782 982 3879 predio,
1009 3779 1099 3877 quod
1115 3779 1237 3854 ibidem
1252 3779 1396 3852 babebat
1416 3781 1505 3854 filius
1519 3781 1695 3855 amborum

322 3905 460 3972 eorum,
498 3891 614 3974 nostre
660 3881 806 3975 ecclesie
848 3883 1079 3956 thesaurarius
1115 3891 1149 3952 et
1190 3885 1442 3955 concanonicus
1475 3881 1695 3956 Albertus

320 3985 458 4054 nomine
486 3981 553 4052 alio
587 3981 706 4076 predio
733 3989 796 4054 s'uo
822 3987 857 4054 in
884 3980 1119 4056 Giselhein
1144 3983 1224 4070 sito,
1250 4001 1312 4074 per
1328 4003 1461 4053 manuum
1488 3991 1695 4055 etconsen-

322 4103 395 4153 sum
423 4080 577 4152 aduocati
603 4083 655 4153 sui
681 4089 716 4152 et
740 4081 960 4156 mundeburdi
987 4075 1416 4170 conrecumbentes
1451 4084 1515 4171 sui,
1541 4081 1696 4176 legitime
