3774 4728
578 417 795 514 episcopatus
823 414 1114 510 wirsiburgensis.

783 847 897 923 CCIV.

437 1049 525 1114 Anno
550 1047 641 1115 1224.
685 1048 715 1116 i.
737 1051 925 1130 Decembris,
949 1050 1026 1132 apud
1048 1011 1233 1138 Hegemone.

15 1247 17 1328 1
98 1233 108 1248 ”
247 1235 429 1310 Heinricus
454 1235 528 1309 vii.
556 1259 621 1310 rex
658 1259 762 1334 super
795 1237 960 1336 sopienda
988 1243 1227 1314 controversia
1254 1239 1296 1314 de
1326 1237 1428 1314 leudo
1455 1263 1532 1332 suo,

15 1339 16 1428 ᾗ
153 1337 239 1433 qnod
265 1339 509 1432 progenitores
536 1340 589 1410 sui
622 1333 664 1410 ab
691 1338 842 1412 ecelesia
869 1337 1139 1435 wirzeburgensi
1165 1339 1353 1413 habuerunt
1389 1352 1424 1413 et
1455 1345 1531 1438 ipse

151 1437 279 1510 habere
304 1435 417 1527 debet,
444 1435 608 1533 approbat
632 1437 798 1528 arbitros,
837 1462 884 1512 ox
915 1451 1057 1537 utraque
1093 1453 1190 1537 parte
1226 1445 1454 1532 constitutos,
1496 1451 1531 1513 et

152 1539 295 1612 formam
321 1540 428 1633 ipsius
455 1537 596 1628 arbitrii,
621 1537 736 1612 locum
761 1539 895 1614 scilieet
921 1551 954 1612 et
981 1543 1170 1614 terminum.

359 1735 476 1802 11111011
497 1742 527 1801 in
548 1736 627 1801 lion.
652 1736 733 1802 Boio.
776 1737 841 1802 Vol.
864 1737 957 1804 XXX.
980 1738 1057 1804 Part
1081 1737 1102 1804 l.
1124 1759 1194 1825 pag.
1219 1737 1290 1806 129.
1320 1741 1369 1806 Nr.
1391 1739 1530 1808 ncixii

797 2183 896 2259 onii.

467 2386 557 2451 Anno
584 2383 686 2467 1225,
707 2390 788 2448 circa
810 2383 898 2450 finem
921 2390 1032 2452 mensis
1055 2386 1220 2452 Februarii.

292 2572 462 2664 Articuli,
487 2595 573 2670 quos
599 2573 812 2646 llermannus
839 2571 972 2646 electus
998 2569 1250 2668 herbipolensis
1272 2575 1411 2666 juravit.

237 2744 383 2807 Dominus
406 2742 647 2808 llermannus
670 2745 785 2807 eiectus
807 2742 1026 2825 herbipolensis
1049 2743 1189 2806 orbiculos
1210 2743 1395 2825 subscriptos
1412 2745 1534 2826 jurauit.

158 2829 299 2909 ieonum,
320 2829 401 2911 quod
422 2831 527 2915 regale
549 2836 615 2892 siue
637 2835 719 2916 regis
742 2831 862 2908 dicitur,
896 2829 1063 2892 nullatenus
1094 2831 1131 2892 ab
1164 2831 1292 2892 aeclesia
1315 2829 1470 2906 alienablt;
1504 2836 1534 2892 et

159 2921 183 2978 si
203 2916 352 2978 uiolenter
372 2915 445 2980 iilud
467 2915 524 2979 sibi
546 2917 651 2997 aliquis
673 2916 844 2998 usurpabit,
877 2915 1153 2998 supplicationibus,
1175 2919 1388 2997 querimoniis,
1421 2915 1534 2980 viribus

159 3019 211 3064 seu
240 3001 307 3064 aliis
340 3001 568 3083 quibuscunque
591 3001 687 3064 modis
711 3003 747 3065 ad
769 2999 982 3082 requirendum
1014 3001 1086 3064 illud
1117 3021 1172 3064 scu
1193 3001 1412 3064 defendendum
1434 3007 1534 3071 omni-

159 3085 245 3150 mode
278 3105 314 3149 se
336 3096 475 3170 exponet.
517 3086 699 3151 Aduocatias
731 3092 817 3150 ctiam
851 3105 942 3168 super
974 3087 1217 3168 possessionibus
1251 3087 1470 3169 episcopalibus
1506 3095 1536 3150 11

160 3177 366 3236 canonicorum
387 3173 638 3256 herbipolensium
663 3191 719 3236 seu
741 3173 949 3252 claustrorum,
972 3189 1028 3234 seu
1050 3173 1174 3235 aliarum
1197 3174 1393 3236 ecclesiarum
1416 3173 1534 3254 indyo·

159 3263 219 3322 cesi
241 3263 475 3338 constitutarum,
498 3264 555 3321 iam
579 3277 638 3321 101
663 3259 824 3337 alienatae,
846 3275 902 3322 seu
924 3261 1028 3338 etiam,
1052 3275 1126 3339 quas
1148 3276 1257 3320 vacare
1280 3263 1455 3342 contigerit,
1477 3255 1535 3322 sibi

160 3352 189 3406 11
210 3344 342 3406 ecclesie
362 3345 513 3424 retinebit,
533 3349 584 3424 ita,
607 3345 688 3425 qnod
709 3363 763 3408 eas
784 3345 820 3406 ab
844 3345 974 3406 ecclesia
990 3345 1111 3408 alienari
1128 3345 1295 3407 nuliatenus
1310 3349 1454 3426 paciatur,
1477 3363 1535 3405 nec

160 3430 195 3492 rio
218 3427 333 3492 eisdem
356 3429 520 3494 aduocatis
542 3431 592 3493 uel
616 3433 681 3494 aliis
703 3429 800 3492 leodis
822 3432 950 3512 aliquam
972 3431 1199 3508 alienationem,
1221 3447 1281 3510 qne
1303 3431 1396 3514 uulgo
1418 3431 1534 3514 dirige

160 3515 273 3594 licitur,
295 3516 394 3595 111111,
417 3535 473 3578 111
496 3535 548 3578 111
570 3534 630 3580 uno
651 3522 824 3599 resignante
845 3517 893 3580 alii
916 3515 1066 3592 conieret;
1089 3521 1144 3578 nisi
1166 3520 1314 3595 recipiens
1336 3520 1401 3578 iure
1425 3515 1536 3580 feodali

160 3601 246 3663 luerit
266 3599 357 3664 heres
379 3607 484 3664 iustus.
527 3601 600 3664 item
625 3601 711 3666 feoda
735 3619 862 3684 inagna,
895 3620 956 3684 que
978 3619 1087 3664 vacare
1109 3605 1284 3684 contigerit,
1313 3602 1430 3664 scilicet
1456 3601 1535 3664 ultra

161 3687 213 3749 llll
236 3685 324 3748 libras
345 3692 374 3749 in
395 3685 539 3750 reditibus
560 3687 708 3765 habentia,
732 3687 902 3750 nullomodo
924 3685 961 3749 ab
985 3686 1114 3748 ecclesia
1138 3685 1293 3766 alienabit,
1321 3691 1386 3748 sine
1410 3687 1534 3750 consilio

162 3773 279 3854 capituli
302 3778 331 3834 11
353 3789 486 3836 assensu.
531 3773 671 3835 Pretcrea
694 3771 877 3835 aduocaiiam
898 3775 928 3834 in
958 3771 1167 3834 llarlestut
1199 3790 1266 3833 cum
1302 3771 1438 3833 omnibus
1473 3777 1534 3836 suis

162 3863 344 3939 pertinentiis
372 3876 559 3939 nequaquam
590 3860 677 3921 alicui
711 3857 864 3937 00111111,
894 3877 949 3920 111
983 3857 1101 3920 11111111
1136 3855 1172 3919 ab
1206 3855 1337 3920 ccclesia
1369 3857 1535 3938 aliqualiter

164 3949 303 4024 pacietur,
326 3949 403 4008 etsi
426 3963 484 4024 qua
509 3944 547 4006 de
570 3949 634 4025 ipsa
658 3951 727 4007 sunt
749 3943 908 4022 abstracta,
931 3959 1098 4025 proposse
1121 3951 1151 4004 et
1172 3960 1265 4006 nosse
1279 3941 1406 4006 fideliter
1420 3951 1534 4025 repetet

166 4035 193 4093 at
213 4034 354 4112 requiret.
398 4027 533 4092 Castrum
554 4034 586 4092 in
607 4031 796 4094 Arnstein
819 4047 887 4092 cum
908 4035 973 4092 suis
994 4031 1200 4111 pertinentiis,
1234 4027 1353 4092 lendum
1386 4029 1535 4112 quondam
