3836 4722
316 409 365 483 22
894 401 1116 478 bionumeutu

318 609 397 680 stus
432 625 498 678 neo
530 603 660 676 intbno
692 607 816 700 pagina
848 604 1082 701 apamenis,
1120 607 1196 698 quia
1231 607 1265 676 in
1299 601 1427 676 dudone
1463 602 1585 678 tabulis
1611 607 1703 679 ereis

256 778 258 786 ι
318 706 551 777 concatenatis
577 707 611 776 in
638 701 770 800 capella
786 704 984 777 Sunriire
1008 705 1145 794 locatis,
1161 705 1295 777 littoris
1311 701 1509 798 legibilibus
1526 701 1704 802 insculptis

318 825 455 993 {itti
479 802 1116 1001 tt“tt‘ttnttttttiitntitt
1133 802 1629 996 ‘'nittnttittff‘
1644 826 1704 1000 li

318 1003 427 1076 eidem
453 1006 562 1098 presit
588 1005 722 1098 capello
747 1004 813 1076 deo
840 1007 979 1100 suisque
1006 1001 1034 1098 ²)
1062 1007 1189 1078 sanctis
1216 1003 1422 1094 seruiendo,
1456 1025 1566 1100 queue
1601 1004 1703 1078 nobis

318 1105 451 1176 iusticia
497 1126 559 1175 seu
600 1125 730 1175 summo
771 1103 892 1176 uillico
933 1115 1053 1175 nostro
1091 1101 1276 1194 debeatur,
1317 1105 1532 1198 reperiuntur
1573 1115 1609 1176 et
1647 1113 1705 1176 at-

319 1207 467 1275 tinentes
494 1205 692 1298 proprietati
716 1213 836 1276 nostra
862 1203 1132 1280 ministerialium
1157 1207 1234 1276 iure
1262 1206 1298 1276 in
1325 1203 1456 1276 eisdem
1483 1201 1607 1277 tabulis
1634 1205 1706 1278 suis

320 1299 534 1390 nominibus,
573 1323 618 1374 ne
652 1302 789 1374 illorum
822 1307 1006 1400 posteritas
1039 1327 1058 1375 ιι
1092 1323 1156 1376 suo
1191 1307 1265 1374 iure
1301 1303 1443 1392 alienari
1474 1306 1596 1398 possit.
1647 1303 1706 1376 Jlli

321 1421 461 1496 quopro-
493 1405 564 1474 suis
590 1402 782 1475 nominibus
816 1403 858 1474 de
899 1414 1043 1498 utroque
1067 1415 1188 1492 sexu,
1221 1405 1280 1497 qui
1315 1400 1401 1475 duos
1433 1399 1591 1497 pinrndm
1623 1421 1706 1476 cere

320 1501 473 1595 quolibet
498 1519 587 1572 enno
612 1499 844 1596 pertulusum·
870 1512 905 1575 et
932 1501 974 1574 de
1001 1513 1120 1575 cetero
1147 1505 1239 1575 omni
1264 1505 1448 1578 exactione
1482 1513 1548 1574 tam
1573 1505 1706 1600 priuata

318 1623 417 1695 mam
445 1605 613 1674 communi
639 1601 763 1692 liberis
784 1620 888 1696 qaam
915 1601 971 1674 diu
995 1606 1123 1692 aiem,
1149 1605 1309 1675 existant.
1360 1603 1458 1674 item·
1476 1602 1620 1675 ticenum
1647 1605 1706 1674 iu-

322 1705 433 1788 stica,
458 1711 561 1794 prout
582 1704 694 1794 exigit
716 1701 843 1776 utititas
870 1713 905 1774 at
929 1706 1122 1777 necessitas
1148 1701 1193 1773 de
1215 1702 1362 1796 singolis
1388 1701 1535 1796 singulo,
1576 1711 1612 1774 ut
1636 1705 1706 1776 sint

325 1803 358 1876 in
384 1803 548 1872 memoria
574 1805 844 1894 ageneractoue
867 1805 902 1874 iu
927 1805 1203 1896 generacionem.
1230 1801 1396 1874 Protei-ea
1420 1802 1524 1876 talem
1550 1801 1708 1876 obtinere

319 1899 459 1975 littones
486 1902 644 1974 iustitiam
655 1923 727 1972 nou
742 1911 921 1990 mermes,
944 1923 1033 1975 raro
1048 1901 1291 1995 agrimituren
1306 1900 1484 1991 umerus,
1510 1904 1708 1993 suminus,

301 2001 356 2076 'ut
379 2021 451 2072 ruo
479 2021 568 2072 anuo
602 1999 735 2074 duobus
760 2001 879 2075 solidis
904 2001 995 2074 ieris
1020 2010 1159 2075 monete
1191 2003 1373 2074 scruioium
1410 2021 1506 2075 suum
1533 2003 1710 2076 redimant

321 2099 381 2172 uel
407 2101 579 2188 sarciant,
618 2107 654 2172 et
686 2099 796 2174 altam
825 2123 914 2174 anno
940 2097 1059 2195 noni)
1085 2103 1237 2174 seruiunt
1254 2101 1323 2173 ua'c
1343 2101 1371 2194 ⁴)
1397 2104 1582 2175 sordicium
1609 2101 1708 2173 redi-

325 2209 443 2288 mant,
470 2197 533 2272 sed
559 2197 753 2294 indigenoie
780 2212 817 2274 et
839 2201 972 2274 utilitati
998 2223 1061 2274 aue
1088 2197 1289 2288 munusue
1313 2201 1464 2274 femineo
1490 2205 1709 2275 autemaermi

323 2298 600 2395 retenpoonem
627 2299 806 2374 duodecim
830 2299 956 2374 leuium
983 2321 1196 2374 nimmorom
1215 2303 1404 2374 stabimus.
1428 2300 1709 2378 tbnntennttos

324 2419 413 2474 vero
439 2402 569 2474 nostris
594 2399 662 2472 boc
687 2399 834 2472 officium
858 2403 1078 2494 iniungimus,
1108 2410 1146 2472 ut
1172 2399 1317 2494 siugulis
1344 2403 1442 2474 aunis
1467 2409 1594 2473 tanmm
1619 2411 1709 2496 qna·-

327 2511 404 2572 toor
439 2521 485 2572 en
521 2502 573 2574 eis
608 2503 642 2572 in
678 2511 835 2596 temporo
864 2503 990 2574 messis
1023 2499 1066 2572 ad
1100 2499 1327 2596 supradictum
1359 2501 1487 2572 emam
1511 2503 1651 2572 veniunt
1676 2511 1712 2575 et

326 2600 464 2676 uillicoe
492 2599 692 2688 consulant,
726 2611 762 2672 et
793 2623 862 2672 vua
888 2622 964 2672 corn
989 2599 1050 2672 ilio
1084 2599 1127 2672 de
1152 2597 1315 2674 reditibus
1340 2603 1538 2672 uniuersum
1563 2599 1710 2672 debitara

329 2703 509 2792 exquirant
537 2709 572 2770 et
597 2702 793 2795 suscipiant.
845 2701 997 2788 Quorum
1029 2721 1134 2772 vnum
1158 2701 1298 2772 nemim
1321 2697 1524 2772 Ricboldurn
1557 2719 1618 2794 pre
1644 2723 1711 2772 ce·

327 2803 413 2872 teris
438 2795 545 2872 uobis
573 2795 774 2874 familiarem
800 2799 1030 2874 nasutum
1055 2803 1091 2872 in
1115 2803 1325 2872 consortium
1359 2809 1394 2871 et
1416 2802 1470 2876 itte
1501 2801 1713 2872 ministeria·-

327 2899 409 2973 bum
435 2897 590 2973 ecclesie
616 2909 748 2974 nostre.
791 2899 853 2972 Cui
879 2921 956 2972 cunr
980 2899 1106 2972 femina
1130 2899 1275 2996 quodne
1300 2897 1406 2972 libers
1434 2911 1469 2971 et
1494 2897 1610 2972 liberis
1637 2911 1712 2972 orta

328 2997 526 3094 perentibus
571 3002 710 3072 nonnae
750 2999 902 3073 Riobece
937 2999 1104 3094 tegtube
1144 2999 1338 3095 nopotem,
1373 3019 1512 3072 mansos
1551 2997 1638 3072 dnos
1678 3004 1711 3073 in

329 3095 603 3193 Nattesigau
629 3121 705 3170 eom
730 3097 886 3172 manus
913 3095 1128 3174 attinentibus
1154 3103 1308 3195 nunqua
1336 3103 1370 3172 iu
1395 3097 1596 3170 beneficium
1620 3119 1712 3178 con-

331 3201 511 3271 cessimus.
542 3199 692 3294 Jusuper
717 3199 807 3294 qood
831 3199 890 3270 illu
916 3198 1077 3272 arbitratu
1101 3197 1176 3290 fuit,
1200 3209 1237 3272 ut
1261 3197 1418 3272 iiltertate
1443 3220 1505 3270 suo
1528 3207 1565 3268 at
1588 3198 1712 3272 cedern

331 3295 499 3373 beneficio
537 3319 614 3372 cum
646 3301 848 3393 posteritate
880 3319 944 3372 aua
976 3301 1154 3395 pou'retur.
1217 3299 1291 3372 iiiia
1332 3301 1445 3392 itaque
1482 3294 1712 3393 preordinatis

331 3399 419 3470 tirou
450 3419 523 3492 que
549 3397 727 3494 plurimum
753 3401 853 3492 regui
878 3397 1021 3472 celestis
1045 3393 1249 3473 &derium
1274 3396 1452 3471 studiosos
1476 3412 1542 3469 noe
1567 3388 1713 3471 reddidit

329 3519 373 3570 ec
399 3495 589 3588 sollicitos,
622 3500 798 3572 statuimus
818 3507 857 3568 ut
878 3508 959 3593 post
983 3500 1112 3572 exitum
1136 3502 1205 3571 uite
1229 3508 1349 3571 nosue
1374 3495 1483 3570 idolis
1509 3499 1545 3569 iu
1574 3495 1711 3572 domim

330 3595 439 3670 iratm
478 3597 686 3694 episcopalis
727 3595 901 3690 diguitatis
939 3600 974 3670 iu
1017 3597 1167 3670 eeclesia
1185 3651 1188 3656 a
1206 3595 1479 3690 arnaburgensi
1525 3614 1713 3672 successor

330 3696 487 3792 quolibet
519 3719 608 3771 anno
643 3701 678 3772 in
709 3697 801 3771 festo
827 3701 936 3770 sancti
960 3695 1138 3770 Michaelis
1178 3719 1254 3768 curn
1296 3693 1426 3768 duobm
1467 3700 1711 3771 saumanicis

333 3800 406 3870 sois
440 3807 476 3870 et
501 3797 620 3870 danem
654 3795 815 3872 militibus
851 3799 922 3870 sais
955 3795 1149 3870 Sourilre
1175 3799 1292 3870 reniet
1315 3791 1433 3890 ibique
1453 3793 1562 3870 tribus
1598 3800 1711 3894 septi-

333 3899 441 3970 nnmie
487 3907 523 3970 et
561 3898 652 3971 ultra
695 3893 738 3970 ad
775 3897 934 3994 placitum
979 3917 1111 3991 meque
1158 3894 1395 3990 mactando
1433 3903 1632 3992 parmanest
1676 3907 1713 3972 et

333 3994 470 4068 uillicus
513 3999 548 4070 ei
588 4021 663 4072 mm
701 3997 850 4072 subditis
900 3994 1024 4070 uilitate
1069 3995 1112 4068 de
1151 3994 1308 4070 omnibus
1348 3995 1600 4087 rorewercbee
1634 4015 1711 4070 cm
