3774 4728
218 481 222 504 ¹
337 475 413 552 ild
775 503 778 510 ⁴
915 470 1135 553 nonnemo

335 675 557 852 porreximus
589 672 794 806 Voigaro
830 680 1100 800 unamcuriam
1130 677 1167 750 in
1201 672 1449 796 Salaperp,
1474 685 1522 750 'et
1551 675 1722 798 iloto-ni

372 787 436 850 etrr
462 773 614 849 eiusdem
647 799 750 850 uuam
788 799 916 850 curram
952 799 987 851 ιιι
1025 773 1279 872 Osterburg
1312 797 1349 850 ιιι
1388 773 1599 868 emortum,
1636 799 1721 872 ques

337 885 547 952 memoratus
572 877 784 952 marecellrus
811 877 853 951 ad
876 875 1066 951 burelehen
1089 873 1310 974 possidebat,
1349 885 1385 952 et
1420 874 1503 950 dicti
1533 875 1659 950 fratres
1687 877 1723 950 in

326 973 526 1071 ,tmetehen
550 976 644 1073 ipsas
672 981 784 1052 curias
796 972 1032 1075 possidebunt,
1057 987 1093 1054 at
1115 999 1249 1054 uxores
1276 974 1319 1050 de
1345 974 1496 1056 ccclesia
1517 985 1639 1052 nostra
1652 975 1724 1050 ‹tu-
1834 1006 1838 1012 ·

339 1087 440 1169 cent,
475 1078 563 1151 sicut
596 1075 696 1151 ambo
721 1082 821 1154 tactis
846 1078 1001 1174 reliquiis
1026 1080 1248 1168 iurauerunt,
1282 1083 1318 1150 et
1341 1073 1558 1172 postmodum
1582 1075 1725 1150 easdem

340 1179 460 1251 curias
479 1175 627 1251 heredes
641 1180 796 1276 ipsorum
811 1176 1046 1276 possidebunt,
1072 1181 1129 1273 qui
1142 1177 1299 1252 similiter
1313 1175 1558 1250 ministeriales
1570 1175 1725 1249 ecelesia

338 1287 460 1372 nostre
484 1273 644 1350 duxerint
667 1281 704 1350 in
728 1299 873 1352 uxores.
926 1276 1038 1376 Super
1062 1275 1129 1350 lree
1154 1275 1349 1373 sepelactus
1363 1273 1577 1350 marscallrue
1592 1275 1726 1371 legauit

341 1377 473 1452 eisdem
497 1380 615 1472 pueris
642 1391 744 1452 omne
770 1383 844 1470 ine,
870 1377 961 1474 quod
985 1381 1021 1454 ιιι
1045 1375 1130 1451 uilla
1154 1375 1389 1454 Lutcuahe
1423 1367 1590 1468 debebat,
1624 1399 1725 1474 quem

339 1475 457 1551 uillam
482 1477 518 1548 iu
542 1479 689 1573 pignore
714 1477 757 1551 ab
791 1477 941 1552 ecclesia
974 1487 1095 1552 nostra
1118 1479 1236 1550 tenuit
1283 1473 1373 1550 ¹Item
1406 1475 1538 1571 legauit
1570 1478 1621 1548 eis
1657 1477 1726 1566 ius,

327 1577 435 1751 pipp}
458 1580 495 1650 in
520 1575 622 1652 bouis
646 1587 726 1678 aput
749 1575 977 1670 Hascllrah
1000 1575 1134 1670 hahuit,
1173 1600 1238 1674 que
1276 1579 1380 1652 etiam
1415 1579 1452 1650 iu
1487 1579 1634 1672 pignore
1660 1597 1725 1672 pro

459 1680 583 1752 marcis
610 1677 653 1752 ah
679 1677 830 1754 ecclesia
854 1689 974 1754 nostra
999 1679 1115 1750 tenuit
1149 1677 1234 1753 Item
1247 1675 1380 1770 legauit
1403 1679 1458 1750 eis
1484 1697 1620 1750 omnem
1635 1697 1727 1772 pro-

340 1781 521 1876 prietatem
555 1798 650 1851 suam
686 1789 766 1874 aput
801 1777 1106 1872 Nuteliugen‚
1146 1787 1246 1874 atque
1279 1773 1418 1848 feodum
1454 1774 1588 1848 ibidem.
1640 1777 1727 1849 ltem

211 1894 213 1904 ⁴
339 1877 472 1973 legauit
497 1880 549 1950 cis
564 1897 666 1952 omne
691 1877 830 1952 feodum
857 1931 903 1951 ι.
929 1935 940 1951 .
968 1930 978 1952 .
1005 1878 1048 1950 de
1072 1877 1223 1952 fuldensi
1238 1876 1389 1950 ccclesia
1405 1873 1617 1974 possidebat.
1640 1874 1728 1948 Item

343 1999 465 2052 omnes
490 1976 646 2053 homiues
671 1981 832 2075 proprios
858 1981 937 2054 siue
962 1977 1125 2054 vassalos
1150 1999 1234 2052 suos
1261 1975 1405 2049 contulit
1431 2030 1440 2054 .
1468 2029 1477 2048 .
1505 2030 1514 2048 .
1542 2029 1550 2050 .
1578 1977 1728 2070 quicum

341 2074 420 2175 ipso
445 2075 621 2151 voluerint
649 2131 657 2150 .
685 2130 693 2151 .
722 2132 730 2151 .
762 2133 770 2148 .
797 2075 840 2150 ab
868 2133 877 2150 .
902 2133 911 2152 .
940 2133 948 2150 .
976 2133 986 2151 .
1014 2101 1035 2150 e
1061 2077 1104 2150 ad
1130 2077 1240 2154 dictos
1272 2097 1402 2172 pueros
1436 2079 1586 2150 uersire
1617 2075 1728 2148 uolu-

343 2180 433 2252 eriut
464 2173 607 2249 contulit
641 2179 757 2273 pueris
793 2179 959 2276 sepefatis
987 2233 995 2250 .
1025 2233 1033 2249 .
1061 2234 1070 2250 .
1099 2233 1107 2250 .
1132 2187 1213 2250 nent
1247 2177 1363 2250 Boto
1403 2174 1448 2248 de
1482 2174 1727 2252 Eberstein

343 2332 353 2350 .
383 2333 391 2348 .
421 2331 429 2349 .
458 2331 467 2348 .
493 2279 780 2350 renunciauerunl
817 2277 974 2354 omnibus
1008 2275 1110 2352 bonis
1142 2276 1219 2352 aliis
1256 2275 1438 2352 marscalci
1477 2285 1578 2370 etque
1605 2329 1613 2344 .
1642 2329 1651 2346 .
1679 2329 1687 2346 .
1717 2329 1726 2346 .

343 2374 435 2473 quod
469 2375 599 2449 habere
639 2400 679 2451 se
714 2376 872 2451 dicebaut
907 2381 942 2452 iu
981 2387 1096 2451 castro
1131 2377 1247 2450 Lura
1283 2385 1319 2448 et
1345 2431 1353 2447 .
1381 2429 1390 2450 .
1419 2429 1428 2446 .
1456 2431 1465 2448 .
1491 2397 1538 2448 no
1577 2385 1728 2452 castrum

342 2477 542 2550 Luracum
554 2480 762 2574 proprietate
774 2477 883 2554 dictus
894 2477 1129 2554 marschallrus
1140 2485 1303 2574 presente
1315 2496 1439 2553 sorore
1453 2473 1729 2568 cunegunde
1756 2507 1760 2516 ·

344 2587 379 2650 et
403 2579 519 2672 pueris
546 2584 680 2652 sororis
707 2601 769 2651 sue
803 2601 873 2651 non
897 2576 1160 2652 reclamantibus
1187 2631 1196 2648 .
1223 2631 1231 2648 .
1261 2630 1270 2646 .
1298 2629 1307 2647 .
1332 2577 1542 2672 proprietate
1574 2573 1728 2646 ecclesie

342 2687 465 2752 nostre
490 2674 583 2748 dedit
607 2687 708 2773 atque
733 2699 799 2752 nos
824 2677 915 2751 idem
940 2687 1088 2752 oestrum
1114 2697 1191 2750 oum
1214 2678 1425 2772 proprietate
1460 2673 1503 2748 ad
1534 2673 1727 2767 burgleben

342 2774 561 2850 marschalko
587 2777 791 2852 contulimus
804 2789 994 2852 memorato
1022 2788 1057 2852 et
1080 2777 1300 2852 Heinrieo
1325 2774 1396 2850 lilio
1413 2773 1726 2852 secernerentur

344 2875 498 2950 eiusdem
522 2875 686 2965 Heinrici,
714 2881 771 2974 qui
795 2877 947 2954 ecclesie
970 2888 1092 2954 nostre
1111 2876 1239 2950 fuerint
1250 2883 1307 2959 aut
1317 2873 1558 2948 ministeriales
1573 2873 1727 2948 ecclesie

342 2985 465 3050 nostre
490 2973 651 3048 durxerini
674 2979 710 3050 ira
735 3000 876 3052 uxores.
930 2977 1143 3052 Contulimus
1169 2985 1281 3048 autem
1307 2973 1369 3048 suh
1382 2973 1578 3049 haeiorma.
1606 2972 1727 3070 Sepe-

342 3075 434 3148 satus
459 3073 703 3151 Heinricus
729 3073 940 3152 marscalkus
957 3088 1014 3152 aut
1028 3077 1276 3155 Heinricus
1301 3073 1486 3151 dliussuus
1501 3083 1558 3146 aut
1577 3073 1728 3150 heredes

343 3176 412 3266 sui,
437 3195 524 3270 quos
550 3178 808 3271 expressimus,
834 3177 923 3250 idem
948 3188 1096 3251 castrum
1130 3175 1241 3249 Lura
1278 3185 1378 3272 atque
1410 3177 1656 3272 proprietatem
1691 3177 1728 3248 iu

341 3271 462 3364 leode,
488 3275 922 3370 quodburglehendioitur,
933 3276 1171 3374 possidebunt,
1183 3285 1283 3372 atque
1296 3297 1363 3349 nos
1378 3284 1479 3370 atque
1497 3293 1726 3348 successores

302 3377 305 3386 ‘
342 3377 456 3449 nestri
480 3373 570 3448 idem
596 3387 744 3450 castrum
770 3389 870 3474 atque
892 3382 1136 3474 proprietatem
1160 3373 1410 3472 possidebimus
1422 3371 1526 3470 pleno
1539 3377 1615 3446 iure
1626 3372 1728 3452 nobis

344 3474 503 3566 liberum,
529 3477 617 3550 sicut
643 3487 791 3550 castrum
816 3481 851 3550 in
885 3477 1111 3572 Salaberg
1145 3475 1353 3549 dinoscimur
1376 3474 1586 3572 possidere,
1625 3483 1729 3569 atque

342 3577 420 3672 ipse
446 3574 654 3650 castellanus
679 3587 800 3652 noster
827 3580 904 3668 erit,
930 3578 1020 3673 quod
1044 3575 1194 3672 burgere
1209 3575 1343 3666 dicitur,
1367 3577 1403 3646 irr
1427 3577 1504 3670 ipso
1524 3583 1640 3646 castre
1668 3581 1729 3645 at-

343 3695 410 3772 que
436 3678 467 3750 si
493 3675 640 3771 aliquem
667 3677 769 3750 alium
795 3677 1030 3768 castellanum,
1055 3681 1113 3773 qui
1136 3675 1288 3770 turgere
1303 3673 1438 3766 dicitur,
1461 3677 1497 3746 in
1516 3677 1595 3769 ipso
1610 3683 1728 3747 oestro

341 3775 463 3850 locare
489 3774 758 3870 decreuerimus‚
784 3800 883 3877 quam
907 3787 1113 3874 potestatem
1137 3771 1238 3850 uobis
1261 3795 1498 3866 reseruemus,
1522 3797 1593 3846 uon
1621 3773 1728 3846 loea-

341 3875 453 3950 luimue
491 3879 526 3948 iu
562 3899 605 3950 eo
641 3881 879 3974 potenciorem
903 3877 1143 3967 Heinrico‚
1181 3874 1252 3948 lilio
1286 3873 1490 3964 marscalci,
1526 3895 1590 3969 per
1624 3893 1728 3968 quem

341 3979 462 4050 timeat
486 3997 528 4050 se
553 3981 700 4071 maneri.
751 3977 796 4050 Et
819 3987 858 4052 ut
881 3975 948 4050 hec
972 3982 1007 4050 in
1031 3979 1196 4049 memoria
1228 3974 1352 4049 iuwds
1377 3973 1587 4071 temporibus
1612 3972 1727 4046 habe-

238 4091 242 4117 ¹
342 4087 455 4172 antur,
480 4087 678 4174 presentem
702 4079 861 4174 peginam
885 4075 965 4151 inde
991 4081 1149 4175 scriptam
1185 4075 1313 4171 sigiliis
1346 4084 1468 4151 nostro
1505 4083 1541 4148 et
1573 4073 1728 4150 ecclesie
