3768 4728
579 549 795 644 episcopatus
822 545 1112 642 vvirmburgensis
1468 549 1539 621 269

373 743 488 810 llln'cus
510 747 548 808 de
572 743 771 829 Calvenberg
793 752 923 808 castrum
947 745 1146 828 Calwcnberg
1167 747 1317 810 ecclesiae
1339 745 1540 828 herbipolensi

374 849 452 896 anno
477 829 578 910 1232,
602 827 631 894 6.
654 831 809 894 Februarii
819 830 1002 896 vendiderat.
1026 831 1163 896 Chartam
1174 830 1351 894 venditionis
1363 832 1538 896 ediderunt:

371 917 483 1000 Jaeger
507 915 917 980 Geschicbtellranhenlands
939 915 971 982 P.
994 916 1040 980 lll.
1063 913 1168 999 pete
1188 917 1238 980 Nr.
1259 915 1539 987 XXV.etSchultcs

373 1001 502 1086 Coburg.
526 1001 748 1086 Landcsgesch.
773 1001 962 1065 Urkundenb.
985 1023 1013 1084 p.
1036 999 1056 1066 9
1078 1002 1126 1066 Nr.
1151 1001 1198 1066 lX.

771 1295 944 1372 CCXLVI.

623 1497 711 1562 Anno
738 1491 840 1576 1236,
865 1496 892 1560 7.
917 1493 1079 1560 Februarii.

164 1677 340 1755 Arnoldus
368 1680 517 1755 decanus
544 1685 683 1756 maioris
717 1639 888 1756 ccclesiae
914 1681 1166 1778 herbipolensis
1201 1679 1381 1753 Michaheli
1410 1681 1539 1753 ludaeo

165 1777 252 1851 dicto
280 1779 321 1852 de
348 1781 612 1855 Randesacbere
638 1791 673 1854 et
698 1785 769 1858 suis
796 1781 978 1856 heredibus
1012 1805 1127 1854 aream
1162 1804 1237 1853 cum
1263 1780 1411 1853 muribus
1438 1791 1540 1852 utro-

359 1879 459 1977 bique
485 1885 584 1956 sitam
609 1891 703 1956 retro
729 1905 855 1956 novam
881 1881 1016 1955 domum
1042 1885 1076 1956 in
1102 1881 1334 1955 loro'vendit.

265 2048 358 2145 Sepe
384 2049 530 2124 suboriri
557 2052 649 2124 solet
675 2052 717 2123 de
744 2049 854 2145 gestis
890 2052 1060 2124 bominum
1101 2052 1205 2124 multa
1231 2051 1441 2146 calumpnia,
1475 2053 1541 2124 nisi

166 2147 279 2242 hngua
304 2154 440 2223 testium
466 2150 569 2223 robra
608 2151 764 2224 adhibeat
797 2153 858 2226 vel
891 2156 1069 2248 scriptura.
1120 2151 1209 2224 Hinc
1234 2161 1311 2242 est,
1348 2151 1438 2245 quod
1472 2173 1540 2243 ego

165 2249 395 2324 Arnoldus
422 2249 571 2325 decanus
598 2255 737 2324 maioris
763 2253 914 2325 ecclesie
937 2251 1190 2348 herbipolensis
1216 2261 1332 2324 notum
1357 2250 1431 2322 fieri
1456 2251 1541 2324 volo

165 2351 337 2421 vniversis
361 2373 505 2445 presens
532 2355 691 2447 scripturn
718 2351 992 2447 inspicientibus,
1018 2373 1093 2422 cnm
1120 2361 1320 2445 emergente
1346 2349 1445 2424 nobis
1471 2373 1541 2422 ne-

166 2452 330 2520 cessitate
356 2451 398 2522 ad
424 2473 602 2524 comunem
629 2473 728 2525 vsum
754 2452 893 2524 fratrum
921 2455 1146 2547 pertinentem
1182 2471 1296 2522 arcam
1334 2471 1409 2521 cum
1436 2454 1541 2522 muris

164 2548 358 2643 utrobique,
384 2549 559 2646 adipsum
585 2573 700 2624 aream
725 2551 941 2624 tendentibus
967 2554 1001 2622 in
1027 2551 1116 2624 locis
1143 2551 1319 2647 oportunis
1348 2549 1390 2620 ad
1416 2547 1541 2621 suble-

164 2647 272 2719 uanda
300 2649 430 2720 edilicia
464 2651 506 2722 ad
534 2673 712 2727 comunem
737 2673 836 2725 veum
862 2655 1071 2741 uicinorum,
1105 2650 1148 2722 de
1174 2652 1343 2722 communi
1368 2670 1541 2722 consensu

165 2757 200 2819 et
226 2749 373 2821 consilio
400 2751 536 2845 capituli
571 2753 682 2824 nostri
708 2751 920 2824 vendidimus
958 2773 1021 2847 pro
1056 2751 1197 2845 quadam
1233 2770 1362 2823 summa
1396 2751 1542 2845 pecunie

164 2845 409 2921 llichaheli
435 2851 577 2923 Judeo
612 2851 702 2924 dicto
729 2851 771 2924 de
797 2850 1146 2924 Randesachere
1183 2861 1218 2923 et
1254 2852 1326 2922 suis
1360 2847 1541 2920 heredibus

166 2969 208 3019 ec
236 2951 324 3038 iure,
349 2972 416 3044 qno
442 2954 498 3023 vsi
525 2973 639 3024 snmus
665 2951 829 3024 hactenns
865 2961 900 3022 ct
924 2961 1115 3046 potestate,
1151 2973 1217 3045 que
1251 2953 1316 3024 sita
1356 2949 1542 3020 dinoscitur

166 3069 247 3120 esse
272 3059 368 3121 retro
394 3073 518 3122 nouam
544 3051 677 3126 domum
705 3056 738 3122 in
764 3053 854 3142 loro,
881 3061 973 3123 tante
998 3050 1220 3143 longitudinis
1239 3049 1335 3120 velut
1351 3059 1405 3122 est
1421 3049 1540 3121 domus

166 3145 395 3238 cubicularia,
434 3161 469 3221 et
493 3151 752 3246 protendentem
788 3150 963 3246 usquead
988 3173 1103 3222 aream
1128 3151 1349 3224 Hertvvici
1374 3149 1540 3242 quondam

165 3251 320 3342 magistri
346 3253 511 3342 coquinae
526 3254 757 3346 proterviam,
783 3273 849 3346 quc
874 3261 928 3324 est
953 3253 1155 3340 communis,
1180 3260 1215 3321 et
1232 3271 1341 3342 usque
1360 3247 1402 3320 ad
1416 3270 1541 3320 nouum

165 3347 339 3419 cellarium
366 3352 440 3420 iure
465 3353 693 3446 proprietatis.
745 3352 874 3423 Aream
901 3373 975 3421 cum
1015 3351 1108 3421 curia
1147 3348 1257 3421 libere
1293 3347 1358 3420 sibi
1395 3359 1430 3420 et
1467 3350 1540 3420 eins

165 3445 345 3520 heredibus
372 3449 612 3544 possidendam
638 3449 914 3540 contradidimus,
940 3449 1082 3522 exclusa
1097 3453 1229 3545 penitus
1249 3452 1340 3520 omni
1359 3457 1541 3543 potestate,

166 3569 262 3642 quam
288 3547 451 3621 hactenus
478 3551 694 3624 exercuimus
723 3573 785 3624 seu
811 3550 938 3622 habere
963 3552 1132 3646 potuimus
1148 3553 1183 3622 in
1199 3557 1428 3644 suprataxata
1448 3551 1541 3619 curia

105 3729 113 3742 ,
166 3645 221 3720 uel
247 3670 329 3718 area
354 3648 547 3744 nullamque
573 3649 615 3722 de
642 3661 759 3722 cetero
786 3650 884 3724 nobis
911 3647 1124 3722 vendicando
1162 3657 1366 3746 potestatem
1404 3646 1445 3718 de
1478 3646 1541 3718 hac

165 3751 372 3842 proprietate
406 3761 629 3846 vsurpantes,
654 3761 771 3846 preter
785 3755 873 3822 uiam
901 3759 935 3821 et
962 3747 1089 3822 scalam
1115 3773 1179 3844 que
1206 3747 1296 3819 ducit
1321 3746 1362 3817 ad
1387 3757 1539 3819 nostrum

167 3850 359 3938 granarium
385 3871 430 3920 ex
456 3853 665 3945 antiquitate,
692 3873 788 3945 quam
815 3853 1038 3938 vsuinostro,
1064 3849 1174 3922 ludeo
1189 3871 1258 3920 non
1274 3847 1540 3935 contradicente,

167 3950 446 4022 conseruauimus
471 3954 545 4022 iure
571 3953 799 4045 proprietatis.
849 3950 978 4021 Aream
1005 3959 1136 4037 autem,
1176 3953 1302 4019 curiam
1342 3970 1417 4018 cnm
1443 3969 1539 4017 muro

166 4047 347 4141 vtrobiquc
372 4049 413 4120 ad
439 4053 545 4146 ipsam
572 4049 787 4138 tendentem,
826 4049 952 4123 ludens
980 4071 1053 4120 cum
1093 4052 1163 4120 suis
1201 4049 1351 4143 posteris
1377 4047 1539 4119 mittendo

168 4147 199 4215 in
227 4167 301 4218 earn
327 4147 446 4242 lapidis
474 4161 507 4222 et
533 4150 665 4222 canalia
691 4173 752 4223 sua
791 4150 855 4222 sihi
894 4150 934 4222 ad
961 4149 1137 4221 utilitatem
1179 4160 1212 4220 et
1249 4146 1367 4220 vtendl
1404 4147 1445 4219 ad
1479 4170 1539 4220 sun
