3838 4728
623 457 841 556 episcopatis
867 457 1162 554 wiabmgensis.

624 773 630 904 j
817 782 980 904 cama

582 983 670 1049 Anno
696 981 872 1064 1281.,24.
897 986 1038 1068 ianuarii,
1062 986 1222 1072 llerblpolt.
1299 1053 1303 1065 ,

209 1163 417 1239 berthaldus
440 1168 692 1266 herbipolensis
728 1174 910 1270 episeopus
945 1159 1157 1250 advocatiam
1184 1195 1287 1270 super
1315 1171 1432 1266 villpm
1460 1171 1587 1264 Vracb,

210 1285 307 1359 quan
332 1269 388 1342 vir
413 1267 539 1344 nobilis
562 1269 780 1343 Wcliramus
807 1271 995 1348 advocatus
1022 1273 1065 1346 de
1081 1272 1287 1370 D‘orenberg
1313 1297 1332 1346 a
1358 1298 1397 1348 se
1423 1279 1457 1348 iu
1482 1275 1603 1350 leudo,

209 1367 315 1438 tenuit
341 1377 376 1440 et
400 1373 585 1444 conventui
612 1376 811 1444 monasterii
847 1377 881 1446 in
907 1371 1135 1470 llailsprunne
1162 1373 1333 1468 vendidit,
1368 1375 1477 1448 eidem
1505 1397 1587 1448 mo-

648 1476 803 1546 nasterio
831 1476 864 1546 in
892 1479 1063 1572 proprium
1091 1476 1156 1546 dat.
1302 1471 1305 1484 '

307 1664 581 1742 Bartholdas
611 1671 670 1744 ‘del
702 1677 818 1766 gracia
854 1669 1106 1770 herbipolensis
1134 1675 1328 1772 episcopus.
1380 1664 1587 1750 Pontificalis

210 1765 314 1840 elicii
339 1767 438 1842 bonis
465 1769 654 1845 actionibus
681 1779 760 1846 tunc
784 1776 1022 1872 prosequimur
1038 1783 1300 1864 sacramentum,
1326 1775 1401 1848 dum
1424 1773 1586 1870 indigan-

211 1871 274 1938 otis
294 1867 429 1943 Gbristo
456 1870 666 1946 militantium
695 1871 844 1946 subsidia
871 1873 1039 1948 conmode
1064 1879 1283 1972 porrigimus,
1311 1885 1347 1948 ut
1373 1879 1498 1974 stipsi
1524 1895 1605 1948 ra-.

210 1989 284 2040 rum
310 1972 543 2067 temporalium
571 1971 634 2070 pe'r
658 1996 723 2047 nos
749 1974 915 2048 benebcia
942 1978 1128 2048 sortiuntur
1153 1985 1188 2048 et
1201 1999 1266 2048 nos
1287 1975 1374 2072 apud
1386 1975 1588 2050 altissimum

210 2090 329 2142 eorum
355 2071 513 2167 precibus
538 2071 746 2148 adunemur.
799 2074 964 2149 Nouerint
989 2077 1092 2170 igitur
1124 2077 1278 2149 viluerat
1316 2087 1381 2148 tam
1406 2073 1587 2173 presentes

211 2169 355 2259 scilicet,
382 2195 480 2267 quam
507 2173 622 2264 laturi,
647 2175 736 2270 quod
764 2199 839 2248 cum
865 2179 920 2248 vir
945 2173 1070 2248 nobilis
1097 2176 1383 2271 Wcliramus.
1401 2175 1587 2250 aduncatus

212 2269 254 2340 de
272 2269 541 2368 Dorenberg
565 2278 635 2348 eris
661 2275 765 2348 alieni
792 2277 1000 2348 necessitate
1027 2277 1212 2372 conpulsus
1238 2276 1457 2350 advocaciam
1484 2295 1589 2372 super

210 2369 329 2444 villam
357 2373 510 2462 Vracb‚
536 2396 634 2468 quam
660 2398 680 2446 a
705 2375 804 2448 nobis
833 2379 866 2448 in
892 2373 997 2448 leudo
1023 2379 1150 2467 tenuit,
1182 2397 1258 2448 cunr
1291 2379 1365 2449 eius
1393 2379 1586 2448 attinenciis

211 2480 247 2542 et
275 2471 409 2564 juribus
443 2473 697 2547 venerabilibus
731 2479 765 2546 in
793 2473 931 2547 Cla-iste
962 2478 1047 2548 vbis
1073 2475 1268 2548 lludollo
1295 2473 1407 2548 abbati
1433 2485 1467 2548 et
1493 2498 1586 2548 con-

209 2575 324 2643 uentui
351 2577 549 2646 monasterii
576 2583 694 2648 sancte
719 2573 828 2648 Maria
857 2577 893 2646 in
918 2575 1146 2670 Hailsprunua
1172 2575 1300 2649 ordinis
1327 2577 1587 2672 cysterciensis,

209 2674 407 2746 eistetensis
433 2674 610 2772 dyocesis,
636 2674 680 2747 de
705 2685 827 2752 mosim
853 2675 974 2751 iauure
1000 2684 1036 2751 et
1061 2697 1207 2753 mensu
1232 2698 1295 2772 pro
1316 2677 1435 2772 precio
1452 2674 1587 2748 ducen-

209 2781 317 2844 tarum
343 2775 564 2870 quadraginta
589 2774 749 2849 librarum
774 2775 977 2848 ballensium
1003 2775 1237 2868 vendidisset,
1261 2799 1328 2849 nos
1353 2785 1422 2848 tum
1448 2786 1588 2872 propter

209 2871 362 2948 exhibita
386 2887 421 2950 at
446 2875 636 2961 exhibenda
662 2873 762 2959 nubis
788 2885 826 2950 et
847 2876 999 2954 ecclesio
1023 2886 1143 2952 nosue
1176 2899 1239 2973 per
1268 2875 1412 2950 eundem
1436 2875 1587 2952 nubilem

211 2977 381 3066 seruicia,
413 2986 481 3050 tum
509 2981 609 3051 etiam
644 2975 900 3072 ademplisset
925 2974 1056 3054 ebais
1082 2987 1116 3050 et
1142 2987 1332 3052 conuentus
1356 2976 1587 3076 predicarem

209 3079 449 3167 internarium,
474 3076 912 3174 vendicionempredictum
937 3086 1043 3152 ratam
1069 3088 1105 3152 et
1126 3086 1258 3171 pamm
1276 3075 1453 3168 babentes,
1478 3079 1587 3175 ipsam

210 3169 430 3263 advocaciam
456 3183 490 3254 in
517 3175 657 3252 Vracb
683 3199 760 3252 cum
786 3176 942 3252 omuibus
976 3179 1050 3252 eius
1084 3181 1275 3260 attinenciis
1303 3189 1339 3251 et
1359 3177 1493 3272 juribus
1519 3177 1586 3250 ab·

209 3275 278 3349 bati
303 3287 338 3348 et
361 3284 544 3357 coemam
570 3283 770 3356 monastarii
795 3277 1088 3375 hailspruuueusis
1114 3281 1148 3354 in
1165 3281 1339 3377 proprium
1355 3278 1485 3370 damus,
1509 3287 1586 3350 tra-

211 3377 319 3450 dimus
346 3377 591 3474 sideramus,
625 3390 660 3452 et
691 3385 726 3459 in
759 3383 869 3478 ipsum
893 3381 1137 3454 monasterium
1153 3401 1238 3452 rcum
1270 3381 1362 3457 omni
1395 3381 1469 3454 eius
1504 3381 1587 3452 vni-

210 3481 381 3550 uersitaie
415 3487 450 3550 at
489 3473 592 3578 pleno
635 3501 751 3554 rerum
796 3477 945 3552 dominio
988 3477 1225 3555 transierimus
1262 3481 1485 3578 proprietatis
1513 3481 1594 3552 lure·

210 3571 375 3675 perpetuo
401 3581 665 3676 possidendam,
702 3581 898 3655 abdicantes
930 3580 1076 3658 anobis
1109 3589 1143 3652 ei
1166 3579 1316 3654 ecelesia
1341 3589 1461 3654 nostra
1486 3601 1589 3655 omna

207 3681 277 3773 jus,
305 3679 394 3774 quod
419 3685 454 3753 in
480 3685 554 3778 ipsa
580 3681 765 3760 advocacia
789 3677 891 3753 uobis
918 3677 1134 3778 conpetebat,
1158 3678 1225 3753 boc
1243 3683 1353 3777 ipsum
1368 3681 1403 3754 iu
1421 3677 1588 3780 prelatum

212 3782 453 3852 umnasterium
480 3805 575 3859 merc
602 3794 637 3854 et
662 3785 797 3878 integre
822 3781 856 3852 in
883 3777 947 3854 hiis
968 3780 1184 3878 presentibus
1198 3780 1494 3869 uansmndentes3
1520 3764 1587 3880 bpc

212 3889 324 3952 tumen
350 3879 449 3954 nobis
476 3891 511 3954 et
537 3881 798 3956 successoribus
824 3883 953 3954 nostris
980 3881 1101 3975 saluo,
1128 3881 1218 3976 quod
1244 3885 1274 3958 si
1298 3885 1374 3980 ipsa
1399 3879 1610 3980 educatus„

212 3979 372 4076 valeiae
400 3981 545 4056 barcdes
565 3981 737 4082 ¹prefatam
771 3981 991 4056 advocaciam
1024 3979 1172 4056 amodo
1205 3979 1467 4078 introspectum
1494 3979 1586 4056 duo-

212 4079 325 4153 decim
348 4088 512 4156 eauorun
537 4103 600 4181 pro
627 4081 821 4182 supradicte
844 4086 990 4181 pecunia
1015 4083 1211 4179 quandtate,
1235 4091 1273 4157 vt
1298 4085 1332 4156 in
1346 4080 1468 4154 litteris
1484 4101 1587 4178 super
