3776 4730
768 239 769 244 ’
907 233 915 269 l

613 431 831 530 episcopatus
857 425 1153 528 wirsiburgensis.
1503 431 1581 510 bob

200 635 298 725 ortis,
324 629 443 731 prat'ls,
460 635 610 730 pascuis,
638 637 744 730 agris,
770 633 870 708 cultis
885 643 919 706 et
936 633 1085 726 incultis,
1109 631 1322 726 nemoribus,
1349 635 1460 728 siluis,
1487 640 1582 732 aquis

200 757 428 830 aquarumque
455 733 668 824 decursibus,
694 737 836 830 quesitis
864 745 898 808 et
923 757 993 808 non
1021 737 1185 831 quesitis,
1212 757 1277 832 que
1304 735 1470 832 siquidem
1491 735 1582 811 bona

199 833 287 906 idem
305 891 336 906 ..
364 833 494 908 lllutil
521 858 540 906 a
567 834 874 931 predecessoribus
901 837 1030 909 nostris
1056 845 1090 907 ct
1116 859 1135 908 a
1160 835 1267 928 nobis,
1285 838 1320 908 in
1338 835 1443 909 leudo
1462 842 1583 930 tenuit,

200 935 331 1010 dilectis
358 939 392 1010 in
419 935 556 1010 Christo
583 933 819 1008 Winricbo
846 935 956 1008 abbati
983 946 1018 1008 et
1044 939 1226 1010 conuentui
1250 941 1449 1010 monasterii
1475 937 1583 1010 ebra-

200 1039 315 1109 censis
343 1036 472 1110 ordinis
500 1038 735 1110 cisterciensis
761 1035 803 1110 de
829 1047 950 1112 nostro
977 1036 1085 1109 uerbo
1111 1059 1175 1134 pro
1204 1059 1267 1111 sue
1291 1037 1445 1110 remedio
1473 1042 1585 1111 anime

202 1141 373 1230 erogarit,
408 1148 442 1210 et
478 1159 553 1208 cum
578 1135 869 1226 bodowicus,
893 1135 1173 1210 Hermuunus
1200 1148 1236 1209 et
1261 1137 1584 1212 Theodericus

200 1237 242 1309 dc
268 1235 555 1330 Bdcbclberg
590 1235 715 1310 iratres
752 1238 837 1311 duos
864 1259 1004 1312 mansos
1035 1249 1075 1312 et
1095 1235 1264 1309 dimidium
1291 1259 1333 1310 ac
1357 1239 1583 1312 Albertus

199 1337 523 1434 Zanuenpctcr
557 1360 660 1410 vnum
694 1361 847 1412 mensum
883 1342 917 1410 in
953 1337 1073 1410 eadem
1100 1338 1183 1409 villa
1209 1337 1457 1410 Breitbaclr
1485 1342 1584 1423 sitos,

200 1436 344 1511 anobis
381 1439 537 1512 similiter
565 1442 597 1510 in
624 1439 728 1510 leode
755 1437 1006 1535 procedentes,
1041 1459 1183 1533 quorum
1211 1441 1310 1510 etiam
1338 1441 1464 1533 singuli
1492 1439 1583 1511 txx

199 1537 359 1610 denarios
395 1542 563 1611 annuatim
600 1539 756 1628 solunnt,
793 1537 904 1610 abbati
940 1549 975 1610 et
1000 1541 1183 1611 conuentui
1209 1537 1371 1634 predictis
1398 1539 1440 1610 dc
1466 1551 1585 1612 nostra

200 1643 415 1712 conniucntia
442 1639 539 1711 titulo
567 1639 766 1711 tradiderint
790 1638 1020 1728 vendicionis,
1046 1641 1125 1734 quia
1150 1649 1217 1710 tam
1240 1639 1457 1734 ipsedlutil
1485 1663 1582 1736 quam
1702 1657 1708 1667 '

199 1742 300 1810 etiam
326 1739 451 1812 iratres
479 1735 1115 1834 deBdchelbcrgctAlbertus
1142 1737 1285 1834 predicti
1311 1741 1475 1814 uniuersa
1494 1739 1584 1815 bona

200 1849 235 1910 et
261 1839 408 1934 singula,
433 1863 499 1935 quc
524 1845 693 1937 premissa
719 1850 808 1928 sunt,
833 1843 869 1912 in
897 1842 1027 1915 nostris
1053 1837 1207 1911 manibus
1234 1837 1345 1910 libere
1365 1844 1584 1935 resignantes

200 1962 240 2012 ea
269 1945 465 2012 memoratis
493 1941 602 2012 abbati
630 1953 665 2013 et
691 1962 754 2014 suo
782 1943 965 2014 conuentui
990 1942 1194 2037 proprietari
1220 1938 1263 2010 de
1286 1950 1406 2012 nostre
1427 1945 1585 2038 paterni-

199 2044 278 2112 tatis
305 2039 537 2114 beniuolentia
564 2041 762 2138 suppliciter
786 2039 1017 2136 postulabant,
1043 2062 1109 2114 uos
1124 2039 1239 2112 habito
1256 2039 1436 2136 superbiis
1454 2097 1461 2112 .
1477 2064 1585 2138 ‚pre-

198 2143 314 2236 positi,
334 2197 342 2211 .
360 2196 368 2212 .
385 2140 505 2214 decani
532 2153 568 2215 et
594 2142 731 2239 capituli
755 2145 866 2214 nostri
893 2140 1042 2214 consilio
1069 2151 1103 2212 ct
1127 2141 1279 2236 receptis
1307 2139 1490 2216 abeodem
1518 2141 1585 2213 ab·-

198 2239 277 2313 bate
305 2253 339 2312 ct
365 2264 429 2316 sun
457 2253 628 2316 conuentu
663 2247 698 2316 in
724 2251 915 2314 restaurum
946 2240 1127 2314 feodorum
1154 2239 1348 2312 huiusmodi
1372 2245 1585 2338 septuaginta

199 2343 344 2436 quinque
379 2339 477 2416 libris
510 2341 734 2432 hallensium,
779 2363 862 2436 quies
897 2343 1117 2414 necessarias
1158 2343 1192 2412 in
1233 2339 1447 2414 solucionem
1483 2346 1586 2414 castri

199 2437 621 2516 Schonenbrunnen
648 2437 837 2528 babuimus,
865 2443 1050 2534 assignatis
1077 2461 1212 2534 quoque
1238 2439 1338 2512 nobis
1360 2463 1422 2536 per
1440 2441 1584 2515 cundem

198 2539 355 2614 abbatem
389 2551 424 2613 et
460 2563 556 2619 suum
593 2551 797 2614 conuentum
824 2537 1009 2612 redditibus
1036 2543 1137 2612 trium
1171 2537 1332 2612 librarum
1366 2539 1585 2631 hallensium,

198 2639 298 2714 nobis
336 2652 370 2713 et
404 2639 665 2732 successoribus
699 2641 829 2714 nostris
863 2643 1034 2712 annuatim
1067 2641 1101 2710 in
1133 2639 1217 2712 villa
1245 2639 1487 2713 Swarzacb
1523 2639 1585 2714 sub

199 2753 314 2815 cestro
341 2740 566 2838 Stolberg
592 2738 977 2839 dequibusdambonis,
1003 2737 1335 2835 queSigbertns
1362 2740 1404 2813 de
1429 2740 1584 2814 Wind-

198 2841 312 2917 beim
338 2841 380 2914 de
405 2852 529 2916 nostro
556 2865 731 2918 consensu
764 2839 875 2912 eidem
906 2843 1119 2914 monasterio
1147 2837 1341 2934 supradicto
1368 2843 1434 2914 iam
1462 2839 1584 2914 dudum

199 2941 412 3033 uendiderut,
438 2942 702 3018 soluendnmm:
731 2944 844 3016 omnia
869 2939 959 3014 bonu
986 2939 1177 3036 supradicta
1197 2943 1231 3012 in
1247 2941 1329 3014 uilla
1344 2934 1586 3016 breitb'aclu

200 3065 275 3114 cum
311 3065 429 3114 eorum
461 3048 676 3140 pertinentiis
711 3053 746 3115 et
775 3039 906 3134 juribus
945 3039 987 3112 de
1013 3041 1150 3137 capituli
1175 3045 1286 3114 nostri
1313 3063 1488 3120 consensu
1514 3065 1585 3114 cx-

198 3165 323 3239 pressn
350 3141 462 3216 abbati
489 3156 523 3218 et
549 3146 731 3218 conuentui
758 3164 822 3214 sno
850 3163 891 3214 ac
916 3143 1126 3214 monasterio
1159 3139 1409 3218 ebracensi
1435 3147 1470 3214 in
1495 3165 1585 3240 pro-

198 3247 309 3338 prium
334 3241 466 3335 damus,
487 3245 654 3318 tradimus
682 3255 717 3318 et
742 3241 907 3316 donamus
943 3252 978 3314 et
1012 3244 1047 3314 in
1072 3244 1182 3337 ipsum
1209 3247 1455 3316 monasterium
1480 3244 1585 3340 pleno

195 3347 273 3436 jure
298 3346 516 3440 proprietatis
541 3345 778 3420 transierimus
805 3353 972 3438 perpetuu
995 3339 1224 3437 possidenda,
1257 3346 1432 3417 mittentes
1458 3348 1493 3416 in
1521 3343 1585 3416 biis

200 3447 336 3540 scriptis
370 3441 525 3518 abbatem
561 3455 596 3516 et
630 3453 835 3518 conuentum
861 3452 1071 3516 memoratos
1098 3444 1133 3512 in
1159 3441 1389 3538 predictorum
1415 3443 1582 3518 bonorum

198 3545 416 3640 corporalem
444 3557 480 3618 ct
503 3543 676 3642 pacificam
702 3545 976 3640 possessionem.
1026 3541 1074 3614 Vt
1099 3541 1421 3618 autembecnostra
1437 3543 1583 3618 donacio

199 3655 364 3741 perpetue
390 3643 496 3718 robur
521 3648 672 3740 optineat
698 3643 884 3732 firmitatis,
920 3651 1129 3738 presentem,
1157 3641 1305 3716 litteram
1342 3643 1465 3717 abinde
1493 3667 1584 3718 con·
1697 3717 1703 3736 ,

200 3749 359 3842 scriptam
386 3743 476 3817 dicto
503 3749 687 3820 conventui
715 3743 879 3834 dedimus,
904 3753 1027 3816 nostro
1053 3751 1089 3814 et
1112 3743 1251 3838 capituli
1265 3748 1376 3817 nostri
1392 3745 1585 3839 sigillorum

200 3843 465 3944 appensionibus
501 3843 706 3920 roboratam,
760 3845 911 3932 Testes,
936 3845 993 3938 qui
1018 3841 1083 3915 biis
1107 3842 1355 3935 interfuerunt,
1393 3856 1472 3918 sunt
1511 3844 1583 3918 bii:

198 3945 426 4042 Manegnldus
454 3945 497 4019 de
522 3945 745 4038 Ndwenburg
769 3946 976 4042 prepositus,
1003 3941 1168 4016 Albertus
1195 3941 1237 4016 de
1254 3942 1407 4017 Tclbeim
1422 3944 1585 4038 decanus,

199 4045 367 4127 llddnllus
397 4045 439 4118 de
464 4045 648 4120 linrnbeim
676 4045 904 4134 scolasticus,
939 4041 1116 4117 Arnoldus
1155 4041 1198 4116 dc
1231 4043 1427 4146 Splenlrcim
1454 4057 1585 4139 custos,

227 4189 279 4234 Ιοι
292 4191 344 4233 cote.
359 4189 401 4235 lul.
416 4187 503 4236 mlli-
517 4197 562 4232 ιον.
577 4189 623 4236 ull.
638 4189 660 4235 Ι.
1203 4131 1251 4219 64
