3838 4728
636 428 853 524 episcopatus
881 423 1176 518 wirsiburgensis.
1520 425 1589 500 531

212 647 439 702 successores
466 624 509 698 ud
534 625 602 698 hoc
615 625 797 719 elegerint.
820 625 963 698 ¹Preiati
988 647 1075 698 vero
1101 622 1331 698 Girnradus
1358 637 1392 698 et
1416 625 1595 720 biarga-

209 737 310 799 reta
335 749 436 798 manu
476 735 523 808 01,
546 725 677 798 calamo
716 724 757 796 ad
795 747 916 800 manus
951 735 1090 800 nostras
1127 735 1161 796 et
1195 725 1339 820 predicti
1366 725 1595 799 archidiaconi

209 830 475 921 resignaremnt
502 829 593 898 omni
619 828 707 916 1011,
744 826 834 920 quod
873 830 925 898 eis
965 824 1171 921 conpetebat
1208 828 1243 896 in
1281 824 1464 898 medietate
1500 829 1595 900 curie

212 924 420 1022 supradicte,
445 925 551 998 nichil
576 929 660 1000 iuris
688 923 752 999 sibi
776 930 912 1022 penitus
928 936 1163 1016 reseruantes,
1190 935 1224 996 et
1236 925 1460 998 memoratum
1476 926 1595 998 archi-

210 1026 390 1100 diaconum
416 1028 450 1098 in
476 1025 612 1122 plenam
639 1034 674 1098 et
700 1027 917 1121 corporalem
942 1027 1204 1122 possessionem
1231 1023 1342 1097 induci
1361 1025 1518 1098 feeemnt
1528 1047 1595 1121 per

211 1125 461 1200 Oduradum
489 1125 612 1199 dietum
639 1123 924 1222 Steinboiph,
950 1148 1049 1222 quem
1076 1124 1117 1198 ad
1143 1124 1210 1198 hoo
1230 1147 1327 1198 suum
1347 1129 1597 1200 constituerunt

209 1235 479 1326 procuratorem.
531 1225 628 1298 Hanc
654 1235 763 1298 autem
780 1227 1027 1316 uenditionem,
1055 1227 1317 1298 concessionem
1332 1235 1366 1298 01
1381 1223 1597 1298 traditionem

208 1327 366 1400 iecerunt
389 1349 453 1444 pro
479 1329 590 1422 pretio
617 1321 745 1398 XXVII
769 1325 929 1398 librarum
945 1325 1161 1418 denariorum
1177 1323 1481 1421 herbipolensium,
1507 1323 1597 1421 quod

208 1429 362 1544 precium
386 1429 421 1498 in
447 1435 623 1498 numerata
648 1429 815 1520 pecunia,
840 1437 1067 1523 receperunt,
1102 1425 1144 1496 de
1183 1449 1248 1521 qua
1275 1449 1315 1499 se
1340 1423 1429 1497 bene
1455 1436 1597 1521 pacatos

211 1538 245 1602 et
286 1529 455 1621 quietatos
481 1537 781 1622 recognouemmt,
814 1530 1056 1600 renunciantes
1097 1547 1268 1620 expresso
1296 1529 1492 1620 exceptioni
1527 1547 1598 1599 non
1698 1556 1703 1566 ·

209 1637 386 1701 numerate
413 1635 447 1700 et
473 1648 543 1700 non
569 1625 683 1706 solute
709 1630 877 1721 pecunie,
904 1629 1029 1700 actioni
1056 1625 1205 1700 dedolo
1243 1636 1278 1698 et
1310 1630 1345 1698 10
1376 1625 1521 1714 1001οι0,
1562 1636 1598 1700 01

209 1727 395 1824 priuilegio
421 1725 512 1800 dotis
539 1729 614 1800 siue
628 1725 822 1800 donationis
848 1737 989 1824 propter
1009 1730 1157 1821 nuptias,
1184 1728 1419 1800 constitutioni
1433 1726 1491 1798 uel
1504 1747 1597 1800 oon·-

213 1825 385 1906 suetudini
417 1825 573 1920 generali
609 1826 666 1898 uel
700 1827 827 1917 locali,
863 1839 898 1900 et
936 1829 1027 1899 omni
1052 1826 1182 1898 auxilio
1218 1829 1303 1898 iuris
1341 1828 1498 1900 00000101
1537 1826 1598 1900 vel

212 1927 324 2001 ciuilis
351 1936 408 1998 001
434 1925 704 2016 consuetudinis,
729 1949 892 2022 perquam
918 1925 1110 2002 huiusmodi
1129 1936 1251 2020 posset
1262 1925 1413 2000 uenditio
1430 1925 1597 2020 impediri,

211 2027 274 2102 uel
305 2025 478 2122 predictus
512 2026 771 2102 archidiaconus
812 2039 869 2100 aut
912 2049 1139 2100 successores
1175 2029 1229 2098 001
1265 2026 1487 2121 calumpniam
1522 2029 1598 2098 siue

210 2126 404 2202 molestiam
431 2127 576 2222 aliquam
602 2137 746 2222 possent
771 2130 849 2223 pati.
901 2128 946 2202 Et
971 2137 1007 2198 ut
1032 2125 1184 2222 predicta
1200 2123 1295 2198 111ιο0
1321 2123 1496 2198 etillihata
1510 2147 1597 2220 per-

209 2237 314 2344 petuo
340 2237 574 2322 permaneant,
600 2239 635 2300 et
661 2227 704 2300 ad
729 2249 845 2300 ueram
865 2225 1598 2301 0011110110001100100110011101010οι1110

210 2331 368 2404 iussores
395 2325 549 2422 predicto
577 2326 819 2400 archidiacono
845 2349 908 2422 pro
936 2329 1120 2412 edictione,
1147 2348 1213 2419 que
1239 2323 1347 2420 vulgo
1364 2348 1599 2419 guarange

211 2426 345 2516 dicitur,
373 2424 626 2500 Choradum
653 2427 804 2498 Rufum
830 2425 1110 2500 Zobolonem
1149 2434 1183 2495 et
1207 2423 1518 2519 blarquardum
1555 2425 1598 2498 de

210 2525 568 2601 Brechhrunnen
594 2525 731 2598 milites.
783 2523 820 2598 ln
856 2529 951 2598 ouius
985 2529 1037 2598 rei
1061 2525 1290 2598 testimonium
1327 2534 1363 2596 01
1399 2535 1598 2620 perpetuam

212 2630 413 2702 memoriam
438 2625 628 2700 futurorum
654 2637 836 2720 presentes
862 2627 995 2698 litteras
1024 2623 1065 2696 ad
1091 2626 1284 2698 instantiam
1306 2622 1472 2696 dictorum
1499 2621 1597 2696 con-

212 2726 286 2802 radi
321 2738 357 2802 et
381 2725 578 2821 blmgarete
615 2736 651 2798 01
688 2729 790 2800 etium
829 2728 1008 2800 memorati
1045 2722 1295 2813 archidiaconi
1334 2723 1451 2818 sigillo
1491 2723 1597 2796 oliicii

210 2831 321 2904 nostri
346 2849 492 2900 unacum
520 2826 645 2920 sigillis
671 2825 829 2922 prelibati
855 2826 971 2900 militis
998 2835 1033 2898 et
1060 2823 1186 2896 domini
1201 2821 1367 2896 Friderici
1394 2822 1598 2897 deHohen·

210 2926 311 3023 burg,
335 2930 521 3023 portenarii
546 2929 657 3000 nostri
684 2927 856 3017 ecclesie
883 2927 1027 3000 lecimus
1053 2923 1221 2997 roborari.
1272 2921 1399 2998 Actum
1425 2934 1460 2996 et
1485 2923 1598 3000 datum

211 3050 300 3102 0000
327 3027 382 3100 die
409 3028 549 3100 011000
585 3036 762 3122 utsupra.
815 3028 941 3102 Testes
981 3035 1059 3100 suut
1097 3024 1163 3096 hii:
1200 3022 1390 3120 prefatus.
1408 3023 1597 3100 dominus

210 3131 447 3246 portenarius,
480 3127 695 3202 Hermannus
728 3130 880 3204 vicarius
908 3125 1060 3200 ecclesie
1085 3123 1361 3220 herbipolensis,
1395 3123 1597 3198 Wintberus

211 3231 377 3324 magister
404 3230 519 3322 operis
537 3226 691 3302 eiusdem
705 3228 870 3319 ecclesie,
897 3225 1073 3300 Gnnredus
1095 3224 1138 3298 dc
1156 3223 1431 3314 Witbortsheim,
1457 3224 1596 3298 Vlricus

213 3327 255 3402 de
288 3327 552 3422 lletingesvelt,
591 3327 767 3402 cunradus
806 3328 848 3400 de
885 3328 1033 3416 Hassis,
1075 3323 1251 3398 Ganradus
1292 3323 1429 3399 Sveuus
1467 3325 1596 3412 0101101,

212 3427 394 3504 lleimieus
423 3427 465 3502 de
490 3426 655 3520 Altheim,
680 3427 791 3501 laicus
816 3438 851 3500 et
877 3427 934 3500 alii
960 3448 1059 3521 10001
1085 3425 1214 3522 plures.

423 3628 493 3694 Tria
514 3627 614 3713 sigilla
636 3625 813 3709 appendent,
835 3631 940 3708 partim
962 3626 1056 3690 laesa.
