3774 4728
311 467 383 540 too
891 463 1111 538 Monumenta

410 665 498 738 Acta
526 672 604 736 sunt
627 662 694 734 heo
718 685 807 736 anno
844 661 1014 734 dominice
1049 663 1293 734 incarnationis
1320 656 1379 730 M0·
1402 655 1482 730 00⁰·
1499 654 1607 746 XII⁰·,
1634 659 1693 728 in-

309 766 458 839 dictione
484 764 589 853 XV²·,
615 773 783 857 regnante
809 761 1042 834 Romanorum
1078 765 1287 855 imperatore
1315 758 1439 831 Ottone
1466 767 1501 828 et
1528 760 1693 852 episcopo

309 865 434 1039 Ottrfrne
467 862 741 958 wirceburgensi
774 866 945 936 existente
986 872 1020 933 et
1051 859 1216 934 Bertoldo
1254 859 1296 932 de
1322 856 1572 932 Hennenberoh
1598 855 1694 930 vrbis

305 989 368 1064 pre
384 975 473 1038 ecto.
502 1013 503 1017 =

517 1094 700 1178 Appendent
720 1100 777 1158 tria
804 1095 902 1178 sigilla
925 1112 965 1156 ex
987 1093 1125 1158 funiculis
1149 1093 1342 1156 cannabinis:
1369 1090 1400 1166 1)
1424 1087 1550 1170 Capituli
1573 1091 1694 1152 maioris

518 1183 667 1245 ecelesiae
689 1179 961 1264 wirceburgensis5
983 1178 1018 1256 2)
1034 1178 1150 1244 Ottcnis
1167 1183 1300 1261 episcopi
1307 1199 1316 1256 3
1339 1174 1374 1250 3)
1395 1174 1528 1238 Heinrioi
1549 1174 1694 1238 custodis.

889 1595 1099 1670 CLXXXIV.

785 1780 874 1846 Anno
899 1778 989 1844 1213.
1037 1777 1085 1844 15.
1110 1781 1188 1846 tuto.

305 1952 383 2026 Otto
424 1951 677 2046 herbipolensis
712 1952 884 2026 ecclesiae
921 1955 1105 2048 episcopus
1148 1952 1190 2024 ad
1227 1955 1425 2048 petitionem
1462 1951 1587 2026 nobilis
1621 1956 1688 2026 viri

302 2053 455 2126 Heinrioi
489 2053 531 2130 de
556 2049 772 2147 Bekisberg,
811 2057 867 2148 qui
905 2052 1122 2124 donationem
1161 2057 1265 2126 castri
1300 2057 1352 2127 sui
1393 2055 1620 2148 prenominati
1653 2063 1688 2126 et

303 2155 444 2227 aliarum
472 2173 608 2226 suarum
633 2157 878 2247 proprietatum
904 2155 938 2224 in
954 2151 1172 2245 Egersheim,
1197 2153 1414 2243 Burchheim,
1440 2153 1626 2247 Beringen,
1653 2163 1688 2224 et

304 2253 492 2351 Senephelt
525 2251 705 2345 aliquando
738 2276 800 2349 per
836 2275 954 2324 manus
990 2253 1265 2326 salemannorum
1301 2275 1440 2326 suorum
1475 2249 1617 2350 therti
1645 2253 1687 2328 de

301 2355 442 2446 Durne,
487 2353 664 2427 Sibotonis
699 2352 742 2424 de
777 2352 912 2440 huden.¹
945 2351 1141 2442 Kraitonis,
1179 2353 1328 2424 Kunradi
1368 2353 1409 2424 de
1447 2352 1687 2443 bobenhusen,

303 2454 454 2529 Swikeri
490 2454 533 2527 de
558 2451 712 2543 Buhele,
748 2452 966 2548 presentibus
1006 2452 1142 2524 domina
1167 2453 1359 2525 Adelheido
1392 2474 1517 2526 sorore
1551 2475 1613 2526 suu
1651 2463 1687 2526 et

300 2560 423 2630 marito
458 2559 532 2628 eius
567 2551 752 2626 Wolirado
790 2551 833 2624 de
872 2551 1065 2642 Grutheim,
1100 2575 1263 2647 suumque
1303 2553 1344 2624 ad
1381 2553 1448 2625 hoe
1480 2575 1687 2627 eonsensum

299 2654 563 2755 praestantibus,
577 2656 611 2723 in
623 2674 742 2726 manus
760 2651 784 2723 i.
796 2675 839 2723 m.
849 2651 974 2722 domini
985 2651 1135 2723 Heinrioi
1149 2655 1315 2748 episcopi,
1332 2651 1374 2726 de
1382 2651 1583 2726 Bahenberc
1595 2653 1687 2744 dicti,

299 2759 438 2849 iactam,
462 2751 678 2850 postmodum
705 2755 740 2824 in
754 2774 874 2824 manus
889 2751 1015 2822 domini
1030 2752 1179 2824 lleinriei
1193 2753 1308 2843 electi,
1335 2753 1453 2844 Casei,
1477 2755 1687 2844 innovatam,

187 2935 190 2958 Ι
300 2861 409 2929 tercio
427 2876 544 2927 eoram
560 2876 613 2944 se,
641 2851 866 2948 superadditis
884 2851 960 2925 aliis
978 2849 1176 2946 quibusdam
1188 2852 1451 2950 proprietatibus
1472 2857 1505 2924 in
1526 2852 1686 2925 Wanes-

298 2956 414 3030 hoven
441 2959 611 3026 innovans
645 2955 917 3042 consummavit,
952 2955 1060 3047 ipsum
1097 2963 1245 3042 castrum
1281 2953 1460 3024 Trimberc
1495 2975 1570 3024 cum
1596 2976 1686 3050 pro-

297 3055 497 3154 prietatibus
546 3051 730 3150 praedictis
782 3049 1006 3146 omnibusque
1058 3049 1258 3143 beneficiis,
1314 3075 1402 3150 quae
1447 3051 1487 3124 eb
1536 3053 1687 3126 ecelesia

271 3155 532 3252 herbipolensi
556 3152 682 3245 habuit,
707 3157 810 3225 uxori
837 3156 911 3225 eius
938 3152 1096 3224 deminae
1121 3153 1250 3247 Agnoti
1287 3156 1361 3226 iure
1387 3151 1514 3224 feodali
1541 3153 1685 3228 confert.

399 3257 549 3330 Testes:
576 3253 654 3326 Otto
681 3257 790 3326 maior
816 3265 851 3326 et
875 3257 959 3325 novi
986 3257 1186 3326 monasterii
1208 3256 1415 3349 prepositus,
1441 3253 1591 3328 Perseus
1618 3253 1687 3326 de-

296 3380 423 3448 canus,
450 3353 692 3430 ‘Theodericus
718 3357 913 3452 prepositus
941 3353 983 3425 de
1009 3354 1154 3447 Huuge,
1189 3353 1385 3426 Goteiridus
1411 3356 1446 3424 in
1471 3351 1685 3428 Muchenstat

294 3460 505 3552 prepositus,
530 3454 712 3528 heinricus
739 3455 963 3545 cellerarius,
995 3451 1132 3548 iringus
1160 3464 1300 3546 cantor,
1330 3452 1525 3526 Eberardus
1563 3453 1687 3528 scola-

295 3560 422 3647 sticus,
447 3555 628 3628 Heinriuus
656 3565 793 3646 custos,
820 3553 1054 3628 Theodericus
1089 3554 1296 3644 Floseulus,
1330 3551 1445 3626 Bemo
1485 3557 1684 3646 canonicus,

293 3655 475 3728 bertoldus
502 3653 545 3725 de
572 3654 717 3750 Otinge,
752 3653 928 3729 cunradus
964 3651 1006 3725 de
1032 3653 1238 3743 Winsberc‚
1278 3649 1425 3728 Adolfus
1452 3657 1683 3748 portenarius,

292 3753 488 3828 Eberardus
515 3752 557 3826 de
582 3755 801 3829 Hohenberc.
851 3754 964 3827 haiei:
991 3753 1198 3826 Ludewicus
1226 3774 1344 3826 comes
1371 3753 1414 3825 de
1435 3752 1572 3848 Otinge,
1596 3753 1681 3826 nri-

291 3853 427 3928 derious
453 3853 497 3926 de
513 3851 794 3953 Trihendingen,
818 3853 939 3952 Boppo
968 3863 1002 3926 et
1015 3854 1199 3928 Bertoldus
1216 3856 1362 3929 comites
1380 3853 1425 3926 de
1440 3851 1682 3946 Hennenbero,

292 3953 465 4030 Gerardus
492 3976 610 4032 eomes
637 3958 679 4030 de
697 3955 892 4048 Rienehhe,
917 3957 1038 4050 Boppo
1067 3977 1185 4028 comes
1213 3953 1255 4031 de
1285 3949 1491 4044 wertheim,
1516 3951 1683 4028 Albertus

291 4057 336 4130 de
371 4053 591 4152 hliltenbvrc,
615 4057 842 4155 hlanegoldus
880 4056 923 4128 ds
947 4054 1138 4150 Wiltpere,
1175 4053 1357 4128 Heinricus
1392 4063 1426 4126 et
1460 4051 1683 4150 blanquardus
