3776 4730
614 445 834 546 episcopetrts
860 437 1155 544 wirciburgensis.
1506 433 1582 524 455

194 643 287 743 qood
311 647 383 744 peri
422 645 570 720 consitio
609 655 645 720 et
660 639 665 650 '
680 667 877 738 consenso,
914 669 1084 746 muneque
1120 645 1310 722 coniuncte
1343 631 1457 724 onnia
1490 647 1582 724 bone

193 757 327 837 nosne,
352 769 419 844 que
444 745 608 821 hebemus
636 758 673 822 et
695 752 906 848 inposterum
934 749 1001 824 deo
1022 759 1235 846 cooperante
1250 746 1378 822 bebere
1393 753 1581 846 poterimus

194 869 331 922 exnunc
356 847 474 922 demus
500 845 609 920 libere
636 847 828 922 dononione
863 861 899 924 et
923 851 1132 924 conterinus
1170 848 1319 946 capitulo
1356 859 1392 922 et
1430 851 1582 924 ecclesie

194 948 442 1046 herbipolensi,
468 960 689 1024 reserueutes
715 948 816 1022 nobis
842 947 987 1024 liberum
1012 954 1066 1024 ius
1091 949 1223 1042 utendi,
1248 945 1406 1038 fruendi,
1434 959 1470 1022 et
1492 971 1581 1048 per·
1644 1043 1646 1046 Ι

193 1048 341 1148 cipiendi
365 1049 496 1122 fruetus
537 1059 573 1122 et
597 1071 697 1123 vsunn
732 1050 899 1125 iructuurn
940 1051 982 1124 ed
1018 1055 1197 1125 terminum
1235 1051 1308 1123 vite
1347 1059 1468 1124 nostre
1505 1054 1581 1124 siue

193 1153 296 1226 unius
321 1147 519 1224 eorumdem
544 1148 711 1224 bonorum
739 1161 775 1222 et
800 1155 1038 1226 constituimus
1064 1174 1129 1226 nos
1164 1147 1285 1224 sedern
1319 1148 1411 1224 bone
1441 1152 1582 1224 nornine

193 1250 331 1348 capituli
358 1262 393 1324 et
419 1251 570 1324 ecclesie
595 1250 791 1347 possidere,
817 1253 863 1324 ite
888 1263 1015 1344 temen,
1041 1251 1188 1348 qnotiex
1206 1250 1357 1324 euidenti
1371 1254 1582 1324 necessitate
1719 1291 1724 1300 .

195 1373 260 1448 pro
285 1355 537 1426 sustentatione
563 1353 634 1424 vite
660 1362 781 1425 nostre
808 1351 927 1424 cedent
954 1352 1064 1442 bone,
1090 1375 1157 1452 que
1182 1352 1272 1425 bono
1296 1349 1364 1423 fide
1388 1373 1519 1446 eogere
1544 1359 1580 1424 et

195 1473 265 1526 non
290 1455 446 1528 minuere
472 1450 690 1542 intendimus,
715 1451 899 1542 uendendi,
925 1452 1099 1548 obtigendi
1125 1461 1183 1526 out
1209 1449 1416 1526 distrahendi
1439 1451 1581 1524 iiberern

194 1553 379 1626 bebeenrus
405 1550 613 1624 ieeultetenn.
663 1551 737 1624 Nos
764 1551 809 1624 bi.
849 1552 892 1624 do
926 1551 1217 1648 anenburg
1254 1554 1475 1650 prepositus,
1513 1551 1579 1624 At.

194 1653 367 1744 domnus,
403 1662 577 1748 totumquo
603 1651 785 1749 capitulum
812 1651 1065 1750 herbipolensis
1092 1653 1243 1728 ecclesie
1272 1651 1433 1727 volentes
1457 1651 1581 1726 Win-

191 1754 330 1828 tbero
357 1756 524 1848 magistro
551 1756 750 1827 monosterii
777 1756 888 1826 nostri
915 1765 949 1826 et
974 1753 1251 1848 Hildebnrgi,
1277 1755 1380 1826 uxori
1407 1775 1493 1844 sue,
1516 1775 1580 1850 pro

196 1857 325 1928 meritis
351 1853 556 1948 condignam
580 1853 851 1928 uicissitudinem
878 1854 1095 1951 impendere,
1121 1858 1217 1952 ipsos
1242 1857 1276 1927 in
1303 1863 1455 1928 nostrum
1481 1857 1580 1926 reci·

196 1957 305 2052 pimus
331 1953 567 2028 detonsionem
595 1954 805 2052 specietenus,
839 1959 1076 2051 promittentes
1111 1957 1265 2054 presenti
1302 1956 1452 2052 scripto,
1490 1953 1582 2050 proti

196 2061 293 2154 ipsos
317 2065 484 2152 temquenr
511 2053 656 2128 deuotos
681 2066 823 2129 nostros
852 2075 950 2128 monn
977 2056 1167 2130 tenebimus
1194 2057 1287 2127 etin
1314 2053 1578 2152 quentumpos-

198 2179 316 2230 suenus
343 2155 576 2230 defendemus.
629 2153 664 2230 ln
691 2159 787 2230 cuins
826 2158 876 2228 rei
910 2159 1141 2230 testimonium
1180 2154 1331 2250 sigillent
1370 2156 1580 2230 venerabilis

194 2261 299 2354 petris
327 2266 362 2329 et
387 2255 513 2330 domini
538 2259 649 2329 nostri
674 2254 885 2352 Ber[toldi]
911 2253 1353 2354 herbipolensisepisoopi
1395 2279 1461 2330 vno
1503 2279 1579 2330 cern

68 2363 79 2381 '
195 2359 313 2454 sigiiio
333 2360 442 2432 nostri
469 2357 605 2453 cepituli
630 2355 847 2452 presentibus
873 2367 927 2430 est
953 2380 1150 2454 appensum.
1177 2357 1323 2428 -Deturn
1350 2375 1439 2428 enno
1454 2355 1580 2430 domini

195 2459 257 2532 ΜΘ·
284 2458 367 2534 (30⁰-
395 2455 511 2530 LXX0·
537 2456 611 2548 V⁰‚
647 2455 734 2530 ferie
758 2455 829 2528 111··
851 2467 932 2553 post
957 2467 1098 2533 octones
1124 2465 1356 2555 pentecostes.

405 2658 471 2721 Duo
493 2657 592 2742 sigilio
615 2657 698 2722 iuese
721 2655 899 2740 appendent.

785 3069 991 3171 co'cxonr.

611 3297 701 3364 Anno
726 3283 829 3379 Μὰ,
852 3295 881 3361 7.
905 3297 984 3380 tuot,
1007 3299 1168 3383 Herbtpott

195 3481 415 3576 benboiuiue
440 3481 625 3584 episeopus
652 3485 904 3582 herbipolensis
931 3487 1057 3557 curium
1085 3509 1132 3558 ox
1158 3496 1270 3559 niorto
1289 3485 1458 3582 qnondsrn
1479 3477 1577 3560 Cinna

197 3590 269 3662 rudi
310 3587 512 3683 Regelare,
551 3589 814 3684 onoispecensis
854 3585 1031 3658 ecelesiae
1066 3591 1223 3662 cononici
1264 3586 1330 3660 sibi
1369 3586 1579 3679 devointenn,

197 3691 312 3763 Ottoni
338 3689 381 3762 de
406 3687 543 3776 Noster,
569 3689 680 3760 dictae
705 3687 880 3860 coralesgee
905 3690 1086 3858 canigone,
1112 3693 1185 3760 iure
1200 3686 1428 3760 beerediterio
1456 3692 1577 3783 possi-

775 3811 817 3860 en
842 3809 895 3859 em
921 3797 973 3858 tre
999 3790 1049 3868 't.,

296 3959 574 4035 Bnrtboidus
616 3959 670 4033 dei
710 3959 826 4056 grecie
864 3961 1048 4058 episcopus
1088 3957 1351 4056 herbipolensis.
1411 3947 1578 4034 Nouerini

198 4067 351 4142 euiuersi
390 4073 456 4134 tom
496 4072 678 4158 presentes
716 4081 814 4159 quern
839 4060 1046 4158 postfuturi,
1082 4061 1173 4155 quod
1208 4083 1274 4136 nos
1311 4059 1437 4134 diiecto
1476 4059 1575 4142 nobis
