3776 4730
621 507 838 604 episcopatus
867 503 1158 602 wirciburgensis.

853 839 954 916 unu.

663 1046 752 1110 Anno
778 1039 881 1123 1276,
906 1041 935 1108 7.
957 1044 1097 1129 Augrmti.

187 1227 371 1300 Bertoldus
406 1227 659 1324 herbipolensis
686 1183 869 1326 episcopus
896 1234 1130 1323 recognoscit,
1157 1228 1248 1324 quod
1262 1229 1449 1304 subsidium
1476 1233 1597 1306 unius.

189 1327 290 1402 solidi
322 1328 539 1402 denariorum
567 1330 609 1404 de
636 1329 788 1426 quolibet
809 1334 935 1424 jugere
962 1334 1092 1418 vineti,
1117 1329 1182 1403 sibi
1208 1353 1228 1402 a
1253 1329 1574 1420 clero,·nobilibus

189 1438 314 1518 terrae,
342 1429 643 1519 ministerialibus,
684 1431 815 1504 ciuibus
852 1441 887 1502 et
923 1435 1090 1505 universo
1125 1430 1254 1526 populo
1280 1450 1501 1523 concessum,
1528 1453 1597 1504 ex-

190 1527 285 1602 null'o
311 1551 455 1624 prorsus
489 1534 563 1602 iure
596 1531 654 1604 vel
682 1531 952 1621 consuetudine,
991 1530 1054 1604 sed
1090 1554 1136 1604 ex
1161 1533 1315 1627 ipsorum
1339 1531 1576 1607 benivolentia

816 1633 957 1727 recepit.

291 1797 315 1870 l.
342 1823 374 1873 n.
404 1823 432 1874 s.
462 1824 493 1874 e.
521 1803 542 1873 i.
571 1811 594 1874 t.
623 1825 653 1872 a.
677 1796 898 1896 iterpotuus]
917 1797 970 1874 dei
989 1805 1098 1894 gretia
1111 1799 1364 1896 herbipolensis
1381 1823 1576 1897 episcopus

191 1901 234 1974 Et
261 1903 290 1974 si
317 1903 351 1973 in
369 1901 468 1976 iactis
482 1912 647 2020 perpetuo
668 1901 849 1991 duraturis,
874 1923 917 1974 ne
933 1905 967 1972 in
984 1901 1190 1978 obliuionem
1209 1899 1389 1991 decidant,
1392 1903 1577 1972 auctoritas

194 2004 436 2096 scripturarum
463 2005 645 2074 munimine
661 2006 864 2075 autentioata
883 2003 1091 2096 requiratur:
1120 2003 1153 2072 in
1180 1995 1258 2090 biis,
1284 2024 1350 2096 que
1365 2024 1427 2095 pro
1444 2023 1576 2074 neces·-

193 2099 347 2174 sitatibus
375 2113 409 2172 et
435 2101 635 2175 utilitatibus
663 2105 901 2174 conniunitatis
937 2102 979 2176 de
1016 2101 1214 2198 prudentum
1251 2105 1403 2172 virorum
1431 2101 1577 2172 consilio

195 2211 290 2272 certo
319 2201 550 2274 moderamine
576 2203 670 2292 liunt,
695 2225 739 2276 ne
766 2207 798 2274 in
827 2205 923 2298 peius
951 2203 1077 2276 malo
1068 2205 1207 2296 ingenio
1236 2211 1491 2292 conuertuntur,
1518 2200 1580 2274 sed

195 2325 236 2374 ea
262 2303 470 2420 intencione,
496 2325 559 2398 qua
586 2303 679 2393 nunu,
705 2302 946 2391 obseruantur,
972 2325 1121 2375 necesse
1148 2303 1457 2397 estsoripturarum
1474 2303 1579 2372 testi-

195 2405 344 2474 monium
374 2401 535 2474 adbiberi.
585 2401 753 2476 Nouerint
779 2405 882 2496 igitur
902 2405 1061 2475 'uniuersi
1087 2401 1184 2474 buius
1210 2405 1334 2496 pagine
1351 2405 1580 2497 inspectores,

196 2511 261 2574 tam
291 2513 485 2597 presentes,
509 2524 606 2598 quarn
633 2503 837 2598 postfuturi,
863 2501 954 2600 quod
970 2525 1043 2573 cum
1059 2501 1354 2592 ecclesianostre,
1380 2525 1446 2596 que
1471 2501 1579 2594 longo

196 2613 352 2697 tempore
380 2613 520 2699 pastore
546 2614 580 2674 et
607 2607 744 2674 rectore
762 2605 874 2676 extitit
889 2601 1159 2688 cruentasset
1177 2599 1261 2674 sede
1278 2611 1424 2672 vacante
1440 2611 1580 2696 propter

196 2702 462 2776 destructionem
490 2707 601 2776 tocius
628 2703 792 2798 dyocesis
831 2701 994 2795 grauibus
1020 2677 1207 2774 debitorum
1236 2699 1398 2774 oneribus
1426 2711 1580 2790 onerata,

176 2813 232 2886 et
269 2801 359 2874 bono
392 2805 499 2898 ipsius
538 2822 600 2898 pro
647 2805 771 2876 maiori
810 2812 906 2898 parte
941 2801 1110 2896 obligata,
1144 2797 1279 2896 nosque
1313 2819 1381 2896 pro
1421 2801 1579 2894 negociis

197 2907 303 2998 ipsius
330 2903 496 2993 ecclesie,
524 2901 698 2976 laboribus
726 2914 785 2975 ct·
780 2906 950 2997 expensis
976 2905 1010 2974 in
1038 2906 1131 2974 cunio
1158 2918 1299 2973 romane
1315 2901 1468 2974 ecclesie
1492 2901 1579 2973 leti-

198 3007 281 3098 gati,
307 3014 342 3076 at
369 3003 482 3076 multis
510 3005 586 3076 aliis
612 3001 919 3076 disturbacionibus
946 3007 1057 3076 tocius
1082 3013 1190 3104 torre,
1215 3017 1280 3111 que
1299 3001 1452 3108 longum
1465 3002 1581 3074 lbrebt

198 3125 261 3199 per
286 3089 422 3196 sirtgola
448 3107 631 3194 exerrare,
652 3127 670 3175 e
693 3103 808 3176 clero
818 3115 887 3176 tem
914 3090 1203 3222 religiosiso'oum
1223 3084 1464 3192 secularibus,''
1473 3102 1580 3174 nobi-

198 3203 287 3278 libus
314 3215 421 3292 terre,
445 3199 734 3292 ministerialibus,
760 3199 889 3276 ciuibus
924 3215 959 3276 et
976 3207 1148 3276 -vntuerso
1173 3203 1311 3298 populo
1327 3214 1393 3274 tom
1421 3205 1580 3291 ciuitatis,

199 3327 296 3400 quam
324 3303 487 3400 dyocesis
515 3304 698 3378 subsidium
713 3315 920 3400 peteremus,
948 3327 1010 3399 per
1025 3304 1114 3400 quod
1129 3303 1228 3376 nobis
1244 3314 1279 3374 et
1295 3303 1447 3392 ecclesie
1459 3315 1580 3379 nostre

200 3405 452 3494 subueniretur,
490 3416 523 3478 ot
555 3405 764 3476 uniuersitas
797 3403 1023 3500 predictorum
1063 3410 1184 3476 nostre
1201 3404 1387 3522 ..peticioni
1420 3401 1580 3478 beniuole

199 3515 409 3582 annuerent
442 3527 486 3577 ne
522 3505 673 3577 ccclesia
699 3515 818 3576 nostra
844 3513 984 3602 propter
1020 3523 1163 3594 usuras,
1200 3506 1233 3576 in
1260 3507 1352 3575 curia
1379 3525 1519 3578 romana
1547 3511 1581 3576 et

199 3605 285 3679 alias
313 3585 452 3678 cottidie
479 3617 739 3696 accrescentes,
766 3605 899 3700 aliaque
926 3603 1103 3702 dampna⁸
1092 3629 1126 3676 ιιι
1153 3603 1406 3700 dispendium
1397 3608 1580 3721 irrecupe-

201 3705 309 3780 rabile
347 3705 542 3808 laberetur,
583 3715 772 3780 statuerunt
807 3715 841 3776 et
875 3701 1117 3777 ordinauerunt
1146 3708 1233 3777 inter
1265 3727 1304 3778 se
1343 3706 1607 3821 conmunicnto,⁸

202 3809 362 3892 consilio,
402 3819 438 3880 rt
464 3809 696 3902 unusquisque
733 3803 878 3878 nobis
869 3829 900 3877 ιιι
928 3804 1111 3878 subsidium
1139 3805 1236 3876 daret
1272 3803 1314 3876 de
1352 3828 1416 3882 suo
1450 3807 1581 3896 vineto,

202 3907 245 3979 de
271 3906 422 4004 quolibet
445 3911 567 4001 ingere
593 3926 695 3980 vnum
724 3905 869 3980 solidum
896 3903 1110 3978 denariorum
1137 3903 1447 4002 herbipolensium,
1481 3927 1584 4005 quiam¹

202 4007 440 4097 donacionem,
455 4006 691 4098 exaccionem',
708 4029 770 4079 seu
786 4009 989 4103 precariam,
1005 4027 1217 4102 quocumque
1230 4007 1370 4078 nomine
1386 4009 1578 4098 censeatur,
1602 4011 1606 4020 '

203 4131 268 4193 uos
284 4105 578 4206 'recognoscimus
605 4123 651 4185 ex
676 4106 774 4184 nullo
799 4107 942 4225 piorsus
968 4111 1044 4184 ime
1068 4107 1126 4182 vel
1155 4105 1420 4218 consuetudine,
1446 4105 1508 4184 sed
1534 4106 1604 4198 eu·
