3794 4722
595 467 813 560 episcopatus
836 463 1136 558 wirsiburgensis.
1516 467 1564 542 95

174 683 239 755 que
265 659 414 732 uenandi
439 663 472 730 in
499 660 633 733 foresto
660 661 721 733 illo
749 684 831 733 aren
856 671 984 734 tantum
1011 671 1046 734 et
1070 661 1206 751 balista,
1233 661 1324 757 quod
1341 665 1564 736 intentonico

174 761 297 831 dicitnr
323 759 495 832 birsen.
549 758 652 832 Cuius
678 763 730 832 rei
755 763 935 832 ueritatem
959 761 1061 833 nobis
1089 761 1208 833 ordine
1234 765 1410 834 recitatam
1437 771 1472 833 et
1496 773 1565 836 tam

171 863 249 950 nine
275 861 375 930 uocis
401 879 498 952 qnam
528 859 779 931 testamentaiis
807 863 975 932 cautionis
990 863 1187 933 testimonio
1204 857 1463 954 conprobatam,
1489 865 1566 955 quia

171 969 292 1050 nostre
327 957 625 1030 corroborationis
666 957 863 1050 suffragium
903 957 1152 1030 rationabiliter
1191 958 1441 1054 expostulanit,
1476 960 1566 1052 quod

172 1060 313 1130 minime
339 1053 532 1148 negandum
566 1059 598 1128 ei
624 1055 701 1128 iore
734 1067 852 1148 nostre
879 1060 1089 1130 auctoritatis
1116 1057 1325 1152 dispensatio
1360 1057 1498 1128 dictauit
1531 1068 1566 1131 et

173 1159 344 1228 maiorum
375 1155 523 1246 ecclesie
571 1166 690 1246 nostre
732 1159 926 1228 comnentia
963 1155 1198 1246 confirmauit,
1237 1161 1410 1251 presentis
1447 1160 1565 1252 scripti

170 1259 300 1352 pagina
336 1253 611 1326 confirmanimns
645 1264 681 1325 et
722 1257 755 1326 ei
789 1259 1025 1327 auctoritatam
1063 1258 1282 1351 inpressione
1316 1255 1423 1347 sigilli
1455 1258 1566 1330 nostri

172 1355 340 1426 dedimus.
395 1353 434 1424 Si
471 1356 547 1446 quis
582 1356 685 1446 igitur
719 1375 794 1425 eam
829 1357 864 1424 in
900 1363 1077 1450 posterum
1101 1355 1226 1448 xaliqua
1264 1377 1323 1446 sup
1362 1355 1565 1430 temeritatis

173 1456 432 1550 presumptione
459 1451 651 1545 infringere
676 1453 734 1523 nel
760 1451 932 1524 infinnme
958 1457 1221 1549 attemptauerit,
1245 1454 1304 1525 nei
1330 1453 1564 1547 aliquomodo

171 1564 292 1644 nostre
320 1555 524 1628 institutioni
551 1555 724 1626 contraire
750 1556 1020 1648 presumpserit,
1060 1552 1239 1626 anathema
1265 1555 1329 1642 sit,
1355 1553 1562 1626 maranatha.

175 1654 329 1728 Testes:
363 1650 544 1726 Richolim
579 1654 690 1724 maior
722 1655 938 1746 prepositus,
971 1653 1122 1726 Perseus
1148 1651 1318 1740 damnus,
1350 1651 1565 1728 Reinhardus

172 1755 374 1848 prepositus
408 1754 490 1824 noni
533 1753 753 1840 monasterii,
784 1751 965 1824 Heinricns
1003 1753 1200 1846 prepositus
1235 1749 1277 1826 de
1312 1747 1566 1842 Onoldeshach,

174 1849 598 1944 Wemhernsprepositns
612 1853 722 1926 saneti
736 1849 914 1938 iohannis,
940 1849 1444 1946 Bertolinsprepositnssanctp
1458 1850 1566 1942 Mario

174 1953 209 2024 in
235 1951 425 2042 Magrmtia,
452 1923 615 2024 aibertus
643 1959 774 2038 custos,
800 1947 997 2022 Gcteiridus
1025 1960 1164 2038 cantor,
1206 1943 1384 2022 Cinradus
1411 1949 1567 2022 cellera-

174 2053 263 2140 rius,
292 2047 443 2122 Wecalo
469 2051 700 2144 portenarins,
727 2041 905 2124 Cinradus
942 2059 976 2120 et
1002 2047 1198 2122 Goteiridns
1225 2049 1403 2144 capellani.
1453 2047 1565 2122 Laiei:

176 2147 307 2222 Comes
337 2149 473 2243 Rapoto
501 2147 544 2220 de
569 2146 758 2240 Ahenberg
792 2157 825 2218 et
860 2145 949 2222 iilius
983 2171 1065 2224 suns
1091 2147 1305 2238 Friderieus,
1340 2147 1568 2244 manegoldus

175 2247 220 2322 de
248 2248 414 2344 Wilperg
440 2257 477 2320 et
501 2245 560 2318 tilii
587 2244 881 2340 sniManegoldns
909 2246 1177 2337 etBertholdns,
1202 2247 1385 2321 Heinricns
1400 2249 1567 2343 etBoppo

175 2346 220 2420 de
250 2349 456 2442 Trinopcrg,
483 2346 621 2419 Vlrieus
649 2356 683 2418 et
709 2345 798 2420 silius
826 2367 908 2418 suus
933 2345 1054 2441 Boppo
1080 2346 1123 2423 de
1146 2345 1396 2440 Calwenberg,
1429 2346 1569 2422 Vlricns

175 2447 219 2520 de
248 2445 506 2535 Wisahenuelt,
531 2442 667 2538 iringus
693 2449 871 2540 pincerna,
895 2444 1076 2538 Biliungus
1104 2444 1361 2534 nicodemianos,
1386 2445 1568 2525 Heinriaus

175 2557 211 2618 st
237 2546 419 2640 Billnngus
445 2544 604 2635 sculteti,
638 2543 811 2618 Heroides
847 2548 1075 2637 camerarius,
1111 2545 1266 2621 Hartmnt
1291 2542 1334 2614 de
1359 2543 1568 2620 Bisenofes-

174 2646 348 2722 wineden.

279 2746 369 2820 Acta
396 2764 486 2821 anno
512 2741 679 2835 dominice
705 2745 949 2819 incantationis
964 2743 1024 2816 M0·
1044 2741 1096 2814 0⁰·
1115 2740 1250 2831 LXX⁰·,
1278 2739 1464 2818 indictione
1478 2740 1564 2834 tlte,

175 2855 345 2937 regnante
384 2841 642 2936 gloriosissimo
682 2842 917 2920 Romanorum
947 2846 1156 2938 imperatore
1194 2840 1369 2932 Fridrieo,
1401 2842 1568 2936 Boppona

175 2943 309 3018 urbano
335 2947 462 3018 comite
490 2945 673 3016 existente.

388 3140 525 3286 Sipilinm
547 3143 750 3224 impressum,
783 3143 896 3222 optima
925 3144 1135 3202 conservatum
1165 3145 1374 3220 repraesentat
1404 3137 1568 3203 Heroldunt

384 3225 423 3288 ha
443 3230 485 3286 itu
516 3221 675 3304 pontificali
708 3223 860 3301 indutum,
894 3221 1003 3304 pedum
1038 3227 1176 3302 sinistra,
1210 3221 1317 3285 librum
1340 3221 1568 3306 evangeliorum

387 3309 494 3374 nemra
516 3315 676 3390 tenentem,
700 3327 766 3370 cnm
789 3311 984 3390 inscriptione
1009 3313 1051 3390 „†
1067 3303 1248 3370 HEROLD’.
1268 3305 1317 3372 nt.
1342 3305 1429 3369 ΕΒΑ.
1455 3305 1567 3368 WER-

389 3388 647 3456 mutunensis
670 3391 775 3456 EPG.“
