3774 4728
588 468 807 578 episcopatus
834 463 1127 576 wirziburgensis.
1483 469 1558 558 bb'i

174 680 207 750 et
232 679 327 752 uirus
354 681 511 752 uitiorum
549 681 583 750 in
626 679 848 753 confessione
890 668 1112 779 depromunt,
1153 693 1187 754 ot
1222 673 1420 780 quamquain
1457 685 1559 758 iidem

174 780 345 873 religiosi,
374 803 448 852 cum
476 801 544 852 non
573 783 640 852 sint
667 784 719 852 sui
743 781 897 870 iudices,
934 786 1031 878 ipsos
1067 805 1135 854 non
1161 785 1296 878 possint
1322 784 1462 859 soluere
1498 787 1556 859 uel

175 880 297 974 ligare,
323 884 536 977 ymaginarie
562 889 675 951 tamen
703 880 1074 975 quadamabsolutione
1090 887 1174 979 ipsis
1200 883 1345 956 illudere
1372 907 1414 956 ac
1439 897 1558 958 nostre

171 983 462 1078 peregrinationis
488 979 704 1077 postmodum
732 982 893 1054 conierre
918 987 1076 1055 uiaticum
1103 987 1136 1055 in
1152 1003 1286 1056 suarum
1304 1004 1373 1056 non
1397 976 1559 1058 uerentu'r

171 1079 383 1176 dispendium
410 1085 605 1153 animarum.
634 1081 688 1152 lix
705 1103 771 1176 quo
789 1081 871 1153 illud
886 1085 1133 1158 inconueniens
1148 1087 1275 1174 euenit,
1301 1084 1392 1178 quod
1406 1085 1560 1160 celerem

173 1179 236 1256 sibi
274 1181 520 1278 parrochianus
565 1181 643 1252 talis
682 1179 952 1277 dampnationem
992 1183 1142 1274 inducit,
1182 1187 1237 1279 qui
1275 1205 1344 1257 non
1379 1184 1557 1262 diudicans

174 1303 299 1376 corpus
329 1281 467 1373 Christi,
493 1284 601 1377 ipsam
627 1303 646 1352 a
673 1279 750 1352 laba
777 1285 829 1354 sic
854 1286 996 1378 suscipit
1022 1287 1197 1355 criminum
1223 1305 1293 1356 non
1318 1284 1495 1360 mundatus
1522 1299 1557 1360 et

173 1380 336 1456 sacerdos
363 1383 426 1473 illi,
453 1380 540 1477 apud
565 1403 664 1476 quem
694 1403 756 1477 pro
784 1383 841 1452 tali
868 1383 1094 1476 parrochiano
1121 1395 1246 1478 egroto
1282 1388 1426 1456 animam
1460 1407 1556 1462 suam

170 1480 305 1572 defixit,
332 1503 401 1556 non
426 1491 541 1577 potest
566 1481 693 1552 uultum
720 1485 825 1578 ipsius
853 1485 1037 1575 ignorans,
1072 1484 1114 1556 de
1142 1483 1202 1556 illo
1239 1483 1374 1579 dignam
1409 1487 1556 1561 reddere

171 1583 338 1654 rationem
365 1605 430 1654 nec
456 1585 489 1653 ei
516 1603 579 1654 sue
606 1603 688 1652 cure
716 1586 903 1654 commisso
942 1583 1090 1656 salubria
1123 1585 1275 1656 remedia
1300 1607 1446 1680 parare,
1479 1609 1555 1660 cum

172 1681 398 1776 egritudinem
424 1703 520 1756 suam
547 1684 689 1776 eiusque
721 1686 991 1756 circumstantias
1026 1684 1238 1778 aliquatenus
1273 1707 1342 1758 non
1376 1699 1554 1779 agnoscat

169 1781 279 1856 Porro
306 1794 472 1878 tamquam
498 1800 616 1878 parum
644 1785 688 1854 sit
712 1786 872 1877 proprios
907 1784 1021 1857 taliter
1047 1784 1248 1858 sacerdotes
1284 1785 1463 1880 despicere
1488 1792 1555 1862 nisi

170 1905 291 1956 eornm
317 1885 468 1958 ecclesie
494 1885 621 1979 pariter
648 1893 949 1980 contempnentur,
986 1883 1087 1956 iidem
1113 1886 1328 1981 parrochiani
1355 1889 1444 1960 sicut
1466 1907 1555 1984 pre-1·

170 1983 335 2057 dictorum
354 2039 386 2056 ..
408 1985 607 2080 prepositi,
643 1979 787 2074 decani,
821 1983 1136 2058 archidiaconorum
1172 1996 1207 2060 et
1240 1987 1376 2081 capituli
1411 1985 1555 2061 babebat

171 2089 333 2175 assertio,
360 2105 438 2156 cum
464 2088 499 2156 in
524 2081 666 2178 prelatis
683 2083 844 2157 ecclesiis
872 2095 939 2158 tam
965 2089 998 2156 in
1025 2085 1149 2158 ciliciis
1177 2085 1298 2161 diuinis
1327 2107 1425 2181 quaur
1452 2109 1554 2162 sacre

168 2185 416 2280 predicationis
444 2185 589 2279 eloquiis
617 2205 701 2254 aure
728 2182 921 2258 deuotionis
950 2207 1071 2257 uocem
1100 2189 1152 2258 sui
1179 2185 1345 2259 deberent
1373 2191 1551 2284 suscipere

10 2287 12 2306 '
128 2331 136 2352 ι
170 2285 375 2375 sacerdotis,
402 2289 485 2381 ipsis
513 2283 673 2358 ecclesiis
701 2294 820 2356 contra
836 2305 1013 2358 sacrorum
1030 2305 1197 2361 cananum
1214 2296 1338 2359 statuta
1351 2292 1554 2384 contemptis

171 2385 212 2458 ad
239 2384 439 2458 eorumdem
464 2385 710 2478 religiosorum
736 2383 905 2456 diuertuot
931 2385 1121 2474 ecclesias,
1155 2386 1307 2480 predicta
1333 2385 1447 2458 cilicia
1473 2383 1554 2459 inibi

169 2507 232 2583 pro
261 2505 323 2560 sue
337 2485 534 2560 ¹uoluntatis
561 2482 700 2556 arbitrio
727 2482 893 2574 audituri,
921 2495 1061 2580 propter
1086 2485 1176 2579 quod
1201 2487 1286 2581 ipsis
1312 2485 1552 2560 nichilominus

168 2586 367 2680 religiosis,
396 2590 451 2681 qui
477 2585 565 2658 tales
593 2582 758 2656 deberent
782 2591 1040 2680 presumptor-es
1066 2581 1226 2676 abicere,
1249 2605 1315 2660 eos
1342 2607 1417 2656 oum
1456 2589 1554 2682 graui

169 2686 314 2760 eborum
340 2691 469 2758 iactura
496 2684 744 2774 allicientibus,
778 2695 812 2756 et
845 2695 881 2757 ut
913 2685 1022 2757 fertur
1057 2685 1290 2760 inducentibus
1317 2683 1360 2756 ad
1383 2689 1553 2781 premissa

165 2791 338 2882 'contingit
362 2787 537 2883 predictos
563 2787 786 2882 prepositum,
807 2783 997 2875 decanum,
1023 2785 1284 2859 archidiaconos
1311 2796 1346 2857 et
1372 2786 1552 2882 capitulum

170 2909 210 2960 ac
252 2897 410 2961 rectores
453 2889 678 2962 ecclesiarium
720 2889 868 2984 ipsarum
917 2887 1028 2959 solitis
1068 2887 1370 2982 parrochianorum
1411 2907 1551 2960 sucrum

172 2987 400 3062 oblationibus
427 2989 573 3084 aliisque
600 2985 861 3060 abuentionibus
888 2985 1118 3084 multipliciter
1142 2986 1345 3060 defraudari.
1389 2985 1549 3060 Cetemm

173 3088 371 3161 adiecerunt
396 3089 498 3161 iidem
512 3090 719 3185 prepositus,
745 3087 908 3180 decenus,
935 3088 1171 3160 archidiaconi
1190 3098 1226 3161 et
1242 3087 1434 3184 capitulum,
1460 3087 1551 3184 quod

171 3193 201 3262 si
227 3189 529 3286 parrochianorum
557 3209 694 3262 suorum
729 3209 795 3260 nec
820 3209 890 3260 non
916 3189 1141 3264 ecclesiarum
1168 3188 1350 3261 earundem
1376 3191 1552 3282 eontinfflt

173 3293 205 3361 in
233 3290 433 3384 egritudinis
462 3290 587 3361 lecturn
612 3309 813 3384 quemquam
837 3285 1019 3382 decidere,
1052 3292 1164 3364 statim
1189 3287 1361 3361 conlluunt
1392 3288 1551 3381 religiosi

174 3390 315 3485 predicti
342 3403 375 3462 et
400 3391 598 3486 plerumque
624 3389 789 3462 inlimnum
817 3393 1016 3462 inuitatione
1028 3399 1193 3485 prouentu
1206 3387 1269 3462 sub
1281 3389 1416 3484 piatatis
1433 3392 1551 3483 specie

167 3494 365 3582 cisimulae,
392 3495 498 3587 ipsius
526 3500 764 3563 testamentum
791 3500 999 3585 componunt
1024 3500 1057 3562 ct
1077 3489 1245 3580 ordinant,
1271 3509 1396 3581 nmgno
1416 3486 1551 3567 undem

167 3590 387 3666 escribentes
415 3595 559 3678 muneri,
585 3594 615 3664 si
641 3600 849 3663 executores
885 3599 1082 3662 mereantur
1106 3591 1213 3686 ipsius
1246 3587 1321 3659 lieri
1347 3592 1549 3661 testamenti.

176 3692 263 3780 Quid
287 3692 397 3788 plura,
424 3691 556 3768 blarulis
591 3695 743 3786 ipsorum
780 3689 931 3762 infirmus
968 3689 1104 3762 illectus
1139 3687 1373 3777 sermonibus,
1412 3689 1551 3762 omissis

10 3777 12 3786 ¹
95 3843 100 3861 .
176 3795 274 3866 auitis
302 3801 337 3864 et
360 3795 511 3888 paternis
538 3791 726 3887 sepulcris,
759 3789 845 3885 apud
870 3813 933 3863 eos
968 3789 1102 3884 eligens
1130 3787 1427 3885 sepeliri,·ampla
1454 3791 1552 3884 ipsis,

174 3891 335 3988 predictis
361 3915 446 3964 uero
474 3891 634 3965 ecclesiis
668 3890 762 3962 nulla
794 3889 852 3962 uel
886 3889 1019 3963 modica
1044 3889 1160 3984 legata
1186 3892 1347 3983 largitur,
1385 3897 1420 3959 et
1445 3897 1481 3959 ut
1506 3909 1553 3960 ex

174 3991 362 4066 huiusmodi
375 3993 500 4086 legatis
516 3991 639 4087 prelati
653 3993 861 4087 prepositus,
887 3989 1050 4083 decanus,
1076 3991 1305 4064 archidiaconi
1321 3997 1356 4060 et
1371 3987 1552 4082 capitulum

174 4115 214 4165 ac
238 4103 395 4168 rectores
420 4091 565 4190 predicti
591 4113 661 4166 uon
685 4089 875 4189 pessiotab
902 4095 954 4174 eis
968 4093 1167 4168 embricam
1182 4093 1328 4186 exigere
1347 4091 1553 4184 portionem,
