3838 4728
520 480 522 491 ¹
636 465 856 566 episcopatus
881 459 1176 560 wirsiburgensis

798 707 1028 784 cdlxxxx.

605 912 694 978 Anno
720 909 827 995 1287,
849 911 879 976 2.
903 913 1045 992 ianuarii,
1066 909 1228 1016 licrblpoll.
1300 891 1302 894 ’

225 1100 345 1176 lirano
370 1099 526 1175 dominus
562 1097 603 1173 de
630 1097 819 1190 Hebinloh,
859 1111 950 1173 tutor
976 1097 1138 1188 Gonrudi,
1173 1097 1232 1171 lilii
1266 1097 1433 1195 quondam
1460 1096 1608 1170 Cunradi

227 1201 269 1274 de
302 1200 529 1295 Bocluisberg,
557 1204 611 1295 qni
638 1203 762 1272 luterio
789 1205 927 1274 nomine
953 1223 993 1273 se
1020 1198 1199 1292 obligavit,
1226 1200 1327 1295 quod,
1366 1202 1609 1295 quamprimum

228 1301 376 1400 pupillus
403 1322 484 1380 suns
521 1323 630 1372 annos
656 1301 841 1398 pupillares
867 1299 1130 1389 transcenderit,
1155 1303 1191 1372 in
1217 1321 1477 1395 recompensam
1503 1302 1607 1370 castri

228 1401 457 1496 Iloclrisberg,
485 1423 504 1472 a
529 1401 694 1473 llertoldo
721 1401 954 1496 herbipolensi
978 1402 1141 1496 episcopo
1169 1400 1211 1470 ad
1236 1421 1359 1496 preces
1388 1421 1468 1474 suos
1495 1397 1619 1471 domui.

228 1501 407 1599 hospitalis
433 1505 468 1573 in
494 1498 764 1594 Wollecbingen
791 1503 1023 1596 improprium
1050 1499 1177 1586 donati,
1204 1511 1351 1574 castrum
1379 1496 1610 1592 chineburg

229 1603 270 1674 ad
296 1625 415 1675 manus
441 1605 595 1698 episcopi
620 1601 730 1674 libere
768 1599 976 1695 resignabit,
1010 1602 1044 1670 in
1080 1599 1322 1672 certidudinem
1362 1602 1607 1693 resignationis

252 1706 426 1800 proprium
452 1712 601 1774 castrum
629 1723 724 1774 suurn
751 1701 982 1774 Liebtenccle
1008 1699 1050 1771 ad
1076 1721 1195 1771 manus
1222 1703 1376 1795 episcopi
1402 1703 1568 1794 resignat.

279 1850 285 1858 ¹
327 1873 492 1946 Kralto
513 1872 668 1949 dominus
696 1871 1037 1962 dellohinloeh,
1061 1881 1152 1947 tutor
1179 1869 1375 1960 Ovuradi
1400 1869 1460 1944 lilii
1486 1891 1603 1966 quon-

87 1995 90 2000 ·
230 1974 304 2046 darn
333 1972 528 2046 Ovnradi
554 1974 596 2046 de
613 1972 919 2068 Bocluisberg,
947 1971 1105 2044 avunculi
1127 1975 1249 2062 nostri,
1275 1981 1436 2044 constare
1451 1971 1610 2044 volumus

232 2078 403 2148 uniuersis
417 2074 478 2148 has
496 2075 626 2148 litteras
643 2076 860 2171 inspecturis,
888 2071 989 2169 quod,
1015 2074 1092 2167 quia
1105 2070 1320 2146 reverendus
1341 2081 1438 2168 paler
1451 2070 1607 2146 dominus

233 2185 353 2250 noster
377 2175 618 2248 bertoldus
653 2174 904 2270 herbipolensis
941 2176 1123 2269 episcopus
1150 2172 1192 2244 de
1217 2195 1392 2246 consensu
1418 2181 1453 2244 et
1478 2171 1612 2245 volun-

230 2287 299 2348 tate
326 2277 377 2348 sui
405 2276 541 2372 capituli
576 2276 617 2347 ad
651 2286 788 2348 nostras
828 2285 862 2346 et
887 2273 1029 2369 predicti
1057 2271 1115 2343 lilii
1142 2272 1257 2368 pupilli
1286 2275 1452 2346 instantes
1486 2291 1611 2368 preces

231 2377 364 2449 dilectis
391 2379 423 2446 in
451 2375 612 2448 Christo.
644 2431 651 2446 .
679 2373 936 2446 conmendatori
963 2383 997 2444 ct
1022 2370 1181 2444 iratribus
1209 2371 1328 2445 domus
1355 2371 1612 2466 hospitalis

230 2481 263 2548 in
291 2475 648 2570 Wollecbingen
689 2478 723 2548 in
750 2477 922 2570 proprium
958 2471 1096 2544 donauit
1136 2482 1282 2544 castrum
1320 2469 1612 2564 Bnekisberg

232 2600 306 2648 cum
333 2575 529 2671 quibusdam
555 2579 659 2648 certis
685 2575 805 2664 bonis,
839 2571 949 2646 eidem
976 2581 1090 2644 castro
1117 2572 1356 2662 attinentibus,
1389 2594 1454 2668 que
1480 2573 1516 2644 in
1541 2570 1611 2644 ullo

232 2681 455 2748 instrumento
495 2699 597 2774 super
635 2679 708 2773 ipsu
747 2673 938 2748 donacione
976 2671 1135 2746 coniecto
1163 2683 1241 2746 sunt
1265 2672 1399 2770 plenius
1426 2670 1612 2760 declarata,

232 2801 297 2850 nos
324 2777 510 2850 ecclesiam
532 2775 829 2874 herbipolensem,
869 2799 888 2847 a
923 2797 988 2872 qua
1014 2776 1122 2870 ipsum
1156 2783 1304 2846 castrum
1332 2775 1366 2848 in
1392 2771 1496 2846 leode
1522 2794 1612 2870 pro-

233 2877 357 2951 cedere
383 2875 642 2953 dinoscebatur.
681 2876 895 2974 indempnem
923 2885 958 2948 et
983 2873 1117 2947 illesam
1144 2897 1355 2948 conseruare
1381 2897 1400 2945 a
1427 2873 1613 2948 donatione

233 2977 424 3052 huiusmodi
450 2983 645 3076 cupientes,
685 2981 824 3052 nominc
857 2979 984 3050 tutoric
1016 2975 1258 3071 promisimus,
1298 2977 1522 3072 promittimus
1549 2997 1612 3072 pro

232 3080 331 3154 nobis
359 3089 394 3151 ct
419 3081 551 3176 prelato
578 3079 706 3178 pupillo
748 3103 789 3150 ac
827 3099 892 3149 nos
920 3087 954 3149 et
993 3075 1136 3148 eundern
1163 3073 1378 3174 presentibus
1406 3073 1614 3170 obligamus,

233 3181 335 3277 quod,
373 3184 612 3278 quamprimum
650 3179 740 3253 idem
773 3178 917 3276 pupillus
945 3199 1053 3251 annos
1080 3175 1330 3250 transcenderit
1355 3176 1554 3274 pupillares,
1581 3179 1612 3248 ie

234 3282 290 3354 uel
316 3281 391 3371 ille,
415 3285 484 3376 qui,
509 3285 539 3354 si
565 3285 674 3378 ipsum
690 3280 851 3380 pupillum
867 3277 1037 3352 decedere
1061 3279 1248 3372 continget,
1275 3275 1340 3351 sibi
1364 3279 1400 3348 in
1426 3275 1616 3350 hereditate

235 3405 297 3485 sua
323 3385 545 3472 successerit,
584 3393 731 3454 castrum
759 3379 1063 3474 Sweineburg
1100 3401 1176 3452 cum
1202 3380 1421 3475 pertinenciis
1447 3375 1616 3468 eiusdem,

234 3481 483 3577 quod..quidcm
517 3492 665 3556 castrum
704 3506 749 3556 ex
781 3491 922 3578 paterna
963 3482 1188 3554 successione
1215 3477 1257 3550 ad
1282 3477 1426 3550 eundem
1451 3475 1616 3575 pupillum

235 3581 421 3659 dinoscitur
449 3583 665 3673 deuolutum,
705 3584 748 3654 ad
781 3602 900 3654 manus
939 3582 1118 3655 memorati
1142 3578 1270 3652 demini
1295 3580 1449 3675 episcopi
1473 3578 1534 3650 vel
1560 3581 1614 3651 sui

236 3685 451 3756 successoris
478 3683 591 3756 libere
601 3682 803 3778 resignabit,
829 3680 973 3754 idemab
1000 3679 1122 3754 eodem
1138 3683 1304 3776 episcopo
1319 3679 1380 3752 ubl
1405 3699 1616 3752 successore

235 3785 269 3856 in
295 3783 432 3856 feodum
457 3794 658 3879 recepturus
697 3794 732 3856 el
757 3781 854 3854 titulo
889 3780 982 3870 leodi
1007 3800 1256 3878 possessurus,
1293 3783 1328 3854 in
1352 3801 1616 3875 recompensam

236 3887 340 3954 castri
364 3883 655 3977 Bockisberg
681 3882 874 3979 supradcti.
914 3879 1006 3954 Sane
1033 3903 1109 3954 cum
1136 3881 1178 3952 ad
1203 3901 1349 3978 presens
1375 3881 1481 3976 ipsius
1509 3881 1614 3954 castri

237 3983 537 4078 Sweinaburg
562 3987 758 4078 resignacio
778 3985 986 4078 etreecpcio
1002 3981 1155 4058 eiusdem
1170 3984 1205 4055 in
1230 3979 1368 4056 ieodum
1393 4003 1463 4056 non
1487 3979 1616 4072 ualeat,

235 4083 393 4186 pupillari
418 4084 541 4191 prelati
565 4085 684 4193 pupilli
710 4093 801 4174 etate
825 4087 892 4172 ium
918 4081 1090 4200 obstante,
1117 4081 1393 4264 debitp4pdeutui
1418 4083 1614 4188 mancipari.
