3768 4728
326 450 399 526 181
905 447 1124 527 nommant·

325 649 414 724 diota
441 647 593 722 ecclesio
620 645 804 722 subuenire
829 671 898 722 noa
926 657 1075 724 recuset.
1125 647 1203 722 lloc
1228 649 1401 737 scientos,
1433 645 1524 740 qaod
1550 643 1594 718 dc
1621 643 1714 720 bdo-

324 748 419 824 litate
446 771 486 820 ac
510 747 726 837 deuocione,
752 770 853 844 qiam
877 771 961 842 erga
988 772 1053 822 nos
1080 758 1114 820 11
1140 747 1323 822 ecclesiam
1349 756 1502 821 ausuum
1540 744 1715 839 bucusque

328 847 500 937 1111111111,
528 857 562 920 et
588 845 696 920 adbuc
721 847 848 922 babere
874 872 940 920 uos
968 848 1158 940 credimus,
1199 851 1232 920 in
1273 846 1339 920 boc
1376 855 1506 920 certum
1540 847 1715 941 capiemus

327 951 608 1044 experimentum.
669 947 835 1022 Uolumus
872 959 984 1022 autem
1017 959 1054 1020 ct
1086 951 1312 1044 precipimus,
1353 957 1391 1019 vt
1425 948 1460 1020 ia
1499 947 1715 1018 testamentis

326 1050 473 1122 omnium
500 1049 716 1121 morientium
744 1059 937 1124 uestrorum
964 1051 1074 1144 primo
1101 1059 1136 1121 et
1161 1051 1324 1144 precipue
1349 1057 1459 1120 mater
1484 1054 1603 1119 nostra
1627 1043 1715 1118 ber-

324 1146 513 1244 bipolensis
540 1145 691 1221 ccclesia
718 1151 875 1224 uisitetur
898 1159 932 1220 et
958 1152 1161 1222 nominetur.
1183 1148 1423 1242 Unusquisque
1438 1147 1546 1218 eciam
1561 1153 1715 1220 1111111111

325 1251 359 1322 ia
386 1247 546 1320 ecclesiis
583 1250 709 1320 uestris
745 1247 831 1322 duos
862 1248 906 1320 de
944 1247 1200 1345 parochialibus
1237 1249 1364 1320 uestris
1398 1245 1557 1343 ydoneos
1593 1243 1715 1320 horum

322 1345 566 1420 beneficiorum
593 1346 803 1422 collectores
831 1352 993 1437 instituat,
1021 1352 1077 1444 qui
1103 1347 1268 1422 beneficia
1293 1345 1420 1420 collata
1441 1344 1587 1418 fideliter
1613 1349 1714 1418 reci-

323 1450 456 1542 pientes
484 1470 525 1520 11
550 1450 685 1542 integre
716 1458 751 1518 et
787 1451 862 1522 sine
887 1447 1109 1522 diminutione
1135 1448 1246 1544 aliqua
1285 1446 1327 1519 ad
1364 1447 1453 1518 diem
1490 1445 1547 1517 uel
1581 1443 1716 1538 boram,

324 1570 421 1645 quam
448 1545 538 1620 letor
564 1551 770 1642 presentium
797 1547 896 1623 uobis
924 1552 1166 1640 assignauerit,
1194 1551 1223 1622 si
1250 1570 1315 1620 uos
1333 1549 1366 1618 in
1388 1549 1535 1642 propriis
1550 1549 1714 1642 personis

323 1649 596 1742 nonpotueritis
623 1649 807 1740 interesse,
834 1647 874 1720 ad
903 1671 1021 1724 manus
1060 1647 1266 1722 decanorum
1312 1657 1505 1720 uestrorum
1536 1656 1717 1742 reportent

325 1757 360 1818 et
397 1745 498 1818 latori
538 1751 744 1841 presentium
783 1747 932 1819 reddere
966 1771 1035 1819 non
1078 1752 1240 1822 omittant.
1295 1745 1331 1818 st
1371 1749 1445 1842 quis
1481 1756 1592 1818 autem
1633 1744 1713 1818 bulo

324 1844 481 1918 mandato
507 1857 628 1918 nostro
656 1845 798 1922 rebellis
824 1859 881 1920 aut
907 1859 1090 1922 contumax
1125 1851 1297 1937 extiterit,
1338 1869 1384 1918 cx
1430 1851 1506 1942 ipso
1543 1847 1634 1918 lacto
1672 1867 1714 1918 se

323 1949 459 2020 nouerit
496 1969 699 2041 suspensum
738 1971 756 2018 1
796 1947 929 2020 diuinis.
981 1947 1124 2044 Insuper
1158 1971 1273 2020 coram
1307 1946 1408 2020 nobis
1448 1946 1506 2022 uel
1532 1943 1713 2036 iudicibus,

324 2067 427 2142 super
452 2045 519 2118 boc
542 2049 685 2139 negotio
702 2072 722 2118 1
739 2046 838 2120 nobis
856 2052 989 2120 statutis
1005 2059 1213 2144 compareat,
1239 2050 1389 2120 termino
1404 2045 1467 2122 sibl
1483 2067 1545 2142 per
1565 2047 1713 2117 latorem

323 2147 533 2240 presentium
560 2149 757 2238 constituto,
785 2147 987 2241 condignam
1015 2169 1135 2243 penam
1162 2147 1205 2220 de
1221 2171 1282 2220 sue
1300 2149 1479 2244 pertinatia
1496 2155 1710 2244 recepturus.

324 2243 430 2318 Uobis
456 2247 564 2318 eciam
592 2245 730 2323 decanis
758 2247 955 2322 mandantes
982 2250 1201 2344 precipimus,
1237 2251 1392 2343 quatinus
1419 2245 1508 2320 istud
1533 2249 1711 2340 negotium

324 2367 385 2441 per
412 2356 556 2439 quotuor
582 2343 786 2421 ebdomadas
802 2348 947 2441 singulis
963 2347 1082 2422 diebus
1096 2347 1274 2422 dominicis
1302 2359 1336 2420 et
1349 2347 1483 2420 lestluis
1496 2343 1539 2418 ad
1552 2343 1711 2418 ellectum

323 2445 463 2542 perduci
489 2445 633 2520 11111111.
685 2445 768 2520 lllos
795 2469 894 2538 uero,
920 2452 975 2544 qui
1001 2449 1089 2522 istud
1117 2451 1293 2542 negotium
1320 2446 1501 2544 exemplo,
1526 2443 1634 2518 uerbo
1675 2457 1711 2518 et

323 2567 429 2641 opere
455 2550 565 2618 ruimus
591 2545 785 2640 diligenter,
812 2569 909 2642 quum
937 2544 1137 2640 debuerint,
1163 2549 1288 2622 luerint
1314 2549 1479 2634 executi,
1506 2548 1709 2618 auctoritate

322 2655 440 2718 nostra
466 2643 763 2717 animaduersione
789 2645 900 2718 debita
926 2651 1083 2743 puniatis.
1137 2649 1173 2722 Si
1199 2651 1273 2743 quis
1301 2669 1386 2718 uero
1406 2645 1616 2718 decanorum
1630 2645 1709 2716 huic

323 2745 483 2824 11111111,
506 2745 647 2818 obuiore
673 2752 938 2842 presumpserit,
966 2747 1056 2844 quod
1083 2748 1194 2838 absit,
1235 2747 1323 2842 quod
1350 2767 1414 2821 nec
1440 2745 1590 2820 credere
1616 2769 1707 2842 pos-

324 2867 453 2934 sumus,
477 2847 707 2942 precipimus,
733 2856 909 2920 uteorum
935 2847 1035 2922 nobis
1063 2849 1119 2920 uel
1145 2847 1311 2922 iudicibus
1339 2871 1359 2918 a
1383 2845 1483 2920 nobis
1510 2867 1615 2942 sopor
1640 2845 1708 2920 boc

325 2947 470 3034 statutis,
497 2945 539 3018 ad
564 2945 652 3018 diem
677 2945 733 3018 uel
760 2945 891 3038 boram,
918 2971 1017 3043 quam
1042 2948 1131 3022 lator
1160 2951 1369 3044 presentium
1383 2945 1447 3022 sibi
1463 2948 1706 3042 assiqnauerit,

323 3054 526 3140 conpareat,
563 3045 605 3120 de
640 3045 697 3116 toli
731 3055 766 3118 et
805 3059 896 3122 tanta
936 3047 1165 3122 inobedientia
1199 3069 1442 3143 responsurus.
1493 3045 1594 3143 lpsos
1620 3069 1706 3120 uero

322 3147 459 3220 nuntios
486 3167 526 3215 ac
553 3149 727 3240 negotium
755 3145 817 3220 sub
843 3147 933 3222 beati
959 3149 1084 3222 11111111
1123 3158 1157 3220 11
1194 3158 1311 3222 nostra
1346 3152 1562 3242 protectione
1588 3149 1707 3220 susci-

323 3247 447 3338 pimus,
473 3249 801 3322 excommucationis
828 3249 965 3322 uinculo
990 3247 1215 3338 innodantes,
1250 3251 1305 3342 qui
1343 3269 1408 3322 eos
1444 3247 1501 3320 uel
1526 3249 1705 3340 negotium

322 3344 486 3439 impedire
510 3349 793 3442 presumpserint,
818 3359 874 3420 aut
900 3349 1061 3444 ineliquo
1088 3347 1285 3420 molestare.
1337 3347 1380 3420 Et
1405 3345 1705 3422 siuideritiscos·

323 3443 412 3534 dem,
439 3443 528 3540 quod
553 3445 636 3518 deus
664 3457 808 3537 auertat,
835 3447 875 3520 eb
902 3448 1068 3543 aliquibus
1094 3449 1291 3537 molestari,
1326 3470 1389 3521 uos
1430 3446 1511 3520 lorti
1546 3467 1645 3520 aranu
1672 3457 1707 3518 et

323 3543 461 3619 brocbio
487 3548 640 3641 potentie
666 3544 708 3618 ad
734 3569 852 3620 eorum
880 3547 1135 3636 liberationem,
1161 3559 1326 3642 tamquam
1353 3547 1396 3619 od
1420 3557 1573 3622 nostram
1597 3545 1706 3622 uelo-

322 3649 407 3718 citer
431 3645 616 3736 festinetis,
643 3648 687 3718 lta
710 3669 775 3742 pro
801 3651 885 3742 ipsis
911 3659 945 3720 et
971 3671 1046 3720 cum
1074 3650 1156 3743 ipsis
1191 3650 1226 3720 in
1261 3647 1426 3742 sepedicti
1459 3649 1591 3742 nogotii
1616 3669 1705 3742 pno-

321 3749 473 3818 motlone
499 3745 679 3836 iacientes,
706 3757 742 3818 ut
766 3769 828 3842 per
853 3747 921 3820 hoc
946 3757 980 3822 et
1007 3749 1072 3820 alia
1085 3745 1323 3820 misericordie
1339 3769 1458 3844 opera,
1483 3769 1549 3841 que
1564 3745 1704 3822 domino

320 3848 507 3947 inspirante
528 3845 696 3936 feceritis,
722 3868 791 3920 non
808 3846 977 3934 iudicium,
1005 3847 1066 3920 sed
1082 3845 1351 3920 misericordiam
1367 3850 1533 3944 consequi
1548 3846 1704 3922 ualeatis.

322 3941 509 4019 statuimus
537 3949 658 4034 eciam,
685 3955 721 4016 ut
746 3949 777 4022 sl
803 3945 915 4042 ulique
942 3945 1094 4020 ecclesie
1120 3969 1139 4018 a
1167 3945 1266 4020 nobis
1293 3947 1350 4020 uel
1375 3945 1704 4022 asubditisnostris

320 4042 444 4118 luerint
470 4046 662 4136 interdicto,
689 4065 789 4142 (11111
815 4046 870 4122 diu
894 4049 1070 4140 nogotium
1096 4045 1185 4120 istud
1219 4047 1321 4120 luerit
1353 4047 1398 4122 ibi
1423 4045 1704 4146 promoueadum,
