3838 4728
901 401 1119 476 Monumenta

942 739 1101 812 ODlel.

700 1027 706 1034 ι
786 939 873 1002 Anno
897 936 1008 1018 1282„
1033 935 1083 1002 28.
1107 939 1227 1019 Aprilis.

320 1127 518 1222 blanegoldi
558 1128 744 1222 prepositi,
783 1123 917 1197 Alberti
957 1124 1077 1196 decani
1116 1123 1321 1220 capitulique
1359 1126 1499 1196 maioris
1535 1124 1706 1195 ecclesiae

322 1229 576 1324 herbipolensis
605 1246 792 1322 poenarum
820 1227 1036 1296 comminatio
1064 1235 1183 1294 contra
1211 1228 1421 1313 canonicos,
1460 1245 1627 1294 canonem
1663 1243 1707 1294 ex

696 1323 926 1397 oblationibus
954 1328 1025 1398 suis
1051 1347 1120 1396 non
1149 1324 1340 1396 solventes.
1656 1324 1660 1332 ’

422 1496 721 1590 Manegoldus
747 1499 956 1590 prepositus
984 1494 1207 1566 Albcrtus
1235 1493 1582 1587 decanus'totumque
1609 1497 1707 1588 capi-

322 1601 427 1672 tulum
454 1602 595 1669 maioris
624 1597 775 1668 ecclesie
802 1595 1067 1690 herbipolensis.
1123 1593 1206 1665 Cum
1232 1617 1295 1689 per
1327 1594 1471 1666 formam
1499 1595 1620 1666 dudum
1647 1617 1708 1688 per

255 1775 257 1778 ,
323 1723 389 1774 nos
416 1697 538 1770 editam
566 1707 685 1767 contra
712 1696 957 1789 negligentiam
987 1699 1228 1766 canonicorum
1240 1705 1450 1784 nostrorum,
1477 1694 1519 1766 de
1534 1695 1708 1768 oblatione

324 1805 399 1875 siue
427 1795 656 1870 oblationibus
683 1800 754 1868 suis
784 1817 951 1864 canonem
979 1795 1208 1866 debitumnon
1228 1795 1447 1885 soluentium,
1473 1801 1583 1866 minus
1607 1793 1708 1865 sulfi-

326 1886 458 1972 cienter
484 1897 585 1968 nobis
614 1898 657 1965 sit
682 1898 869 1988 prouisum,
897 1905 1022 1966 statuto
1050 1904 1215 1989 perpetuo
1244 1896 1391 1965 valituro
1420 1900 1556 1989 antique
1585 1894 1706 1982 forme,

325 1999 512 2071 adicientes
540 1998 716 2064 statuimus
744 2005 778 2064 et
804 1993 989 2082 firmamus,
1016 2004 1051 2064 ut
1078 1999 1279 2087 quicumque
1294 1999 1536 2066 canonicorum
1561 2005 1708 2068 nostro-

323 2121 411 2186 rum,
439 2105 564 2169 statuto
591 2097 736 2164 termino
771 2115 936 2164 canonem
975 2094 1017 2164 de
1053 2093 1226 2164 oblatione
1263 2099 1338 2165 siue
1381 2093 1607 2168 oblationibus
1635 2101 1705 2168 suis

324 2197 472 2270 debitum
500 2217 569 2266 non
595 2191 762 2282 soluerit2
801 2197 829 2266 si
870 2215 1002 2284 canon„
1040 2199 1095 2286 qui
1132 2193 1278 2288 capitulo
1307 2195 1461 2286 debetur,
1489 2201 1706 2290 quantitatem

325 2297 408 2369 xxo
436 2295 642 2366 maldrornm
669 2297 770 2364 tritici
795 2293 855 2364 vel
882 2315 1044 2365 summam
1071 2293 1103 2364 X
1130 2293 1290 2364 librarum
1308 2295 1522 2368 denariorum
1539 2297 1706 2392 herbipo-

207 2393 210 2406 ’
324 2398 470 2468 lensium
498 2417 568 2466 non
594 2393 750 2482 excedit,
775 2414 863 2489 pena
901 2396 934 2463 in
969 2396 1103 2487 antiqua
1129 2395 1240 2464 forma
1267 2395 1412 2467 sufficiat
1439 2397 1706 2492 comprehensa3

325 2502 358 2571 si
384 2507 495 2568 autem
522 2495 612 2566 idem
640 2515 750 2565 canon
776 2494 866 2566 vltra
894 2498 1110 2586 quantitatem
1150 2505 1206 2565 aut
1245 2515 1408 2566 summam
1447 2497 1632 2591 predictam
1670 2519 1707 2569 sc

324 2596 488 2668 extendat
515 2606 550 2666 et
575 2597 772 2682 canonieus,
800 2597 855 2688 qui
883 2615 1049 2664 canonem
1077 2595 1303 2664 excedentem
1330 2595 1414 2666 XX‘i
1444 2597 1572 2668 maldra
1608 2601 1708 2669 tritici

326 2707 385 2767 aut
409 2696 442 2766 X
469 2695 574 2767 libras
602 2694 817 2765 denariorum
832 2695 998 2786 usquead
1014 2693 1138 2766 festum
1153 2693 1318 2766 kathedra
1334 2699 1442 2767 sancti
1455 2697 1547 2768 Petri
1565 2697 1708 2768 eundem

326 2815 493 2866 canonem
520 2816 590 2866 non
609 2794 772 2884 soluerit
799 2804 926 2865 extunc
951 2793 1040 2864 idem
1069 2797 1254 2866 canonicus
1282 2805 1398 2867 careat
1423 2795 1586 2868 fructibus
1605 2798 1707 2869 obla-

325 2897 430 2966 tionis
459 2898 532 2967 slue
560 2894 767 2965 oblationum
795 2917 944 2984 suarum,
971 2894 1013 2964 de
1040 2892 1159 2986 qrribus
1187 2915 1295 2965 canon
1324 2897 1592 2986 cstsoluendus
1620 2919 1708 2969 nos-

273 3043 276 3056 .
325 3012 395 3088 qne
418 2993 462 3064 de
488 2993 652 3066 imctibus
680 2993 863 3065 oblationis
890 2999 964 3067 sine
992 2993 1200 3065 oblationum
1236 2997 1418 3067 earundem
1453 3000 1529 3068 sine
1567 3006 1710 3069 contra-

235 3168 245 3182 ,
300 3081 486 3164 ‘dictionis
515 3093 720 3182 omassum
753 3115 818 3166 nos
845 3097 1108 3166 intromittemus
1137 3106 1170 3166 ct
1196 3119 1259 3166 eos
1292 3096 1402 3167 libere
1435 3106 1529 3168 tanto
1556 3107 1710 3194 tempora

326 3197 575 3290 percipiemus,
603 3193 717 3264 donec
748 3193 847 3268 nobis
884 3195 925 3266 de
969 3215 1102 3266 canone
1140 3195 1242 3288 plene
1269 3195 1370 3267 luxerit
1397 3197 1627 3286 satisfactum,
1663 3202 1709 3269 ita

326 3305 453 3383 tamen,
479 3293 570 3387 quod
596 3293 762 3388 deprimi
797 3298 874 3365 anni
900 3293 1065 3366 fructibus
1094 3296 1294 3389 expediatur
1322 3317 1452 3388 canon5
1488 3297 1613 3390 quide
1654 3298 1710 3369 illa

326 3395 387 3466 vel
413 3395 482 3466 illis
511 3392 737 3465 oblationibus
766 3393 919 3484 debetur,
947 3407 981 3466 et
1007 3395 1164 3489 quicquid
1191 3401 1373 3490 supererit,
1401 3397 1560 3514 expedipo
1579 3421 1711 3470 canone

329 3493 421 3566 illius
450 3497 547 3584 anni,
573 3499 607 3565 in
634 3495 841 3566 solutionem
867 3495 1019 3589 neglecti
1059 3499 1200 3566 canonis
1240 3507 1461 3590 conputetur,
1500 3503 1710 3592 sequentium

327 3617 412 3666 uero
441 3617 604 3666 annorum
631 3595 774 3686 fructus,
801 3599 856 3689 qui
884 3618 1049 3668 canonem
1077 3595 1270 3685 excedunt,
1298 3599 1478 3692 capitulum
1506 3601 1581 3670 sine
1609 3598 1711 3670 dimi-

327 3699 468 3766 nutione
494 3699 671 3790 percipiat,
697 3697 731 3765 in
757 3719 880 3791 penam
906 3697 1019 3784 illius,
1052 3699 1107 3788 qui
1135 3695 1177 3766 de
1204 3718 1336 3768 canone
1370 3701 1506 3769 minime
1533 3698 1712 3788 satisfecit,

331 3805 365 3865 ot
389 3795 628 3867 nichilominus
657 3795 776 3890 elapso
796 3799 942 3868 termino
960 3797 1156 3884 solutionis
1183 3795 1367 3868 secundum
1380 3801 1549 3892 antiquam
1570 3797 1737 3870 formam·

331 3915 406 3964 cum
435 3899 663 3990 suspensione
689 3895 863 3990 prebende
889 3900 923 3967 in
952 3897 1102 3968 claustro
1129 3909 1328 3987 remaneat,
1364 3921 1474 3993 vsque
1509 3897 1551 3970 ad
1577 3899 1712 3994 plenam

332 3993 538 4066 solutionem
566 4000 707 4068 canonis
735 3997 929 4092 supradicti.
983 3996 1112 4067 Verum
1139 3999 1168 4070 si
1207 3996 1328 4092 aliquis
1356 4002 1600 4072 canonicorum
1626 4021 1712 4095 pre-
