3774 4728
576 481 794 575 episcopatus
819 477 1115 574 wirciburgensis.
1468 483 1539 556 173

164 681 280 750 uitus
307 675 532 772 parochianus
566 677 599 748 in
625 677 783 750 Bibere
817 677 859 750 ad
891 689 1043 751 nostram
1079 684 1227 754 accessit
1265 687 1472 778 presentiam
1506 694 1542 756 et

164 801 182 848 a
206 775 307 850 nohis
333 776 505 849 humiliter
529 778 723 872 postulauit,
749 778 964 850 utlicentium
991 784 1273 852 etauctoritatem
1287 780 1352 854 sihi
1368 783 1540 875 daremus,

162 877 290 950 lructus
317 880 383 948 iam
410 875 498 949 dicte
523 877 686 972 parochie
711 877 753 949 ad
778 881 958 950 triennium
984 879 1135 952 uendere
1148 903 1210 976 pro
1225 879 1346 954 debitis
1373 886 1444 956 suis
1460 883 1540 956 sol-

162 976 283 1048 uendis
311 987 345 1048 et
370 975 457 1047 idern
493 999 555 1071 pro
591 998 635 1048 eo
672 977 854 1049 reuerendi
888 978 1013 1051 domini
1051 985 1162 1052 nostri
1195 981 1318 1074 Hugo
1352 981 1539 1056 hostiensis

161 1086 196 1148 et
219 1076 445 1150 velletrensis
472 1079 656 1172 episcopus
683 1087 717 1148 et
742 1077 829 1150 hoo
865 1079 951 1149 tituli
988 1091 1106 1152 sancte
1142 1084 1253 1152 crucis
1287 1084 1334 1152 io·
1347 1081 1541 1156 Jerusalem
1600 1135 1603 1142 .

161 1175 334 1272 presbiter
360 1173 541 1248 cardinalis
570 1177 760 1272 apostolice
785 1177 877 1251 sedis
910 1179 1017 1272 legati
1051 1203 1116 1254 nos
1142 1179 1329 1254 affectuose
1364 1191 1540 1276 rogarunt.

161 1274 233 1348 Nos
275 1297 362 1347 uero
407 1275 448 1346 ad
482 1281 680 1348 memoriam
706 1277 909 1350 reducentes
944 1277 1130 1373 obsequia,
1169 1301 1234 1374 que
1269 1280 1351 1352 olim
1390 1281 1542 1354 ecclesie

160 1385 282 1448 nostre
308 1385 343 1446 et
367 1379 495 1448 nostris
522 1377 800 1450 antecessoribus
826 1374 978 1453 exhihuit
1012 1389 1048 1450 et
1084 1379 1192 1452 adhuc
1225 1383 1351 1476 poterit
1376 1379 1541 1454 exhihere
1669 1418 1671 1422 ·

162 1485 195 1546 et
220 1477 299 1570 quia
322 1498 403 1546 eum
419 1497 534 1546 carum
548 1476 727 1571 plurimum
737 1477 900 1550 hahemus
918 1487 953 1550 et
968 1488 1156 1574 acceptum
1178 1481 1213 1552 ei
1227 1477 1356 1556 fructus
1373 1483 1439 1552 iam
1452 1481 1542 1552 dicte

160 1575 311 1647 ecclesie
340 1571 382 1646 ad
393 1574 618 1671 supradictum
634 1587 764 1672 tempus
778 1576 929 1650 uendere
943 1577 1098 1652 duximus
1113 1577 1302 1674 indulgere.
1332 1579 1541 1674 Quicumque

163 1697 250 1768 ergo
277 1674 364 1746 hanc
388 1674 510 1747 lecerit
524 1679 742 1772 emptionem,
770 1679 855 1750 sciat
882 1700 921 1750 se
948 1677 990 1749 ad
1014 1677 1220 1750 iamdictam
1239 1690 1371 1776 tempus
1397 1703 1459 1776 per
1475 1701 1541 1753 nos

162 1783 195 1846 et
220 1785 362 1848 nostros
402 1777 515 1868 quiete
549 1787 584 1846 et
620 1775 760 1872 pacifice
793 1777 986 1872 possidere.
1037 1778 1086 1851 lta
1120 1778 1254 1874 quidem
1286 1781 1317 1853 si
1350 1779 1438 1852 inira
1476 1778 1544 1852 hoc

23 1893 28 1909 ·
161 1877 327 1970 temporis
354 1877 497 1969 spatium
521 1877 588 1948 iam
614 1875 739 1948 dictum
753 1877 1011 1971 parrochianum
1038 1878 1164 1951 cedere
1189 1879 1247 1950 uel
1265 1878 1435 1952 decedere
1451 1902 1543 1952 con-

161 1977 336 2068 tinguerit5
361 1973 600 2047 nichilominus
624 1979 691 2046 iam
718 1975 826 2048 dictus
852 1987 985 2072 emptor
1012 1989 1130 2052 nostra
1162 1982 1364 2052 auctoritato
1397 1979 1549 2054 sumtus

162 2097 275 2169 usqne
299 2072 343 2144 ad
366 2073 557 2169 prefinitum
582 2079 717 2166 hiennii
731 2087 863 2172 tempus
878 2077 1028 2149 totaliter
1055 2078 1208 2174 elapsum
1234 2081 1348 2173 quieta
1374 2089 1409 2152 et
1433 2078 1545 2152 lihera

161 2176 227 2246 iam
254 2173 421 2246 dictorum
443 2173 629 2246 reddituum
649 2175 801 2269 gaudeat
825 2182 1047 2272 perceptione
1073 2188 1108 2250 et
1132 2200 1197 2250 nos
1211 2177 1396 2250 iniralllud
1409 2187 1544 2274 tempus

163 2272 301 2346 triennii
338 2277 465 2346 nemini
481 2317 483 2324 ,
499 2295 575 2346 eam
610 2275 793 2348 ecclesiam
826 2276 1018 2348 concedere
1054 2280 1279 2372 promittimus
1319 2278 1376 2350 uel
1410 2278 1542 2350 locare.

161 2373 255 2445 Nulli
282 2395 369 2467 ergo
396 2377 534 2449 omniuo
560 2374 663 2446 liceat
688 2375 943 2470 hanopaginam
968 2387 1088 2450 nostre
1115 2376 1325 2470 indulgentie
1351 2377 1542 2471 infringere

161 2473 219 2545 uel
263 2477 296 2544 ei
324 2495 422 2546 ausu
465 2478 648 2546 temerario
690 2477 872 2547 contraire.
925 2475 962 2546 Si
997 2479 1071 2570 quis
1109 2485 1220 2547 autam
1255 2487 1422 2548 attentare
1455 2499 1544 2571 pre-

162 2575 358 2668 sumpserit,
382 2573 648 2666 indignationem
675 2573 730 2646 dei
756 2585 790 2646 et
815 2573 989 2646 beatorum
1008 2575 1242 2671 apostolorum
1266 2576 1361 2648 Petri
1385 2586 1421 2648 et
1446 2576 1544 2648 Pauli

164 2683 198 2744 et
223 2683 376 2746 nostram
404 2696 443 2746 se
469 2677 604 2746 nouerit
628 2679 851 2748 incursurum.
903 2674 1028 2748 Actum
1053 2686 1108 2747 est
1132 2674 1198 2747 hoo
1214 2675 1432 2770 Wernehurg
1452 2697 1542 2749 anno

165 2771 291 2844 domini
316 2773 376 2845 ld0·
402 2773 484 2844 000·
503 2770 607 2862 v110·,
633 2773 818 2846 indictione
843 2772 917 2864 Xe,
942 2772 1003 2849 llll
1029 2799 1108 2849 non.
1135 2776 1297 2848 tannarii.
1349 2777 1474 2852 Testes
1501 2775 1545 2848 ad

164 2871 230 2945 hoc
271 2876 403 2966 rogati:
443 2872 583 2946 Persius
618 2877 728 2946 maior
760 2873 928 2962 decanus,
967 2875 1128 2949 Alhertus
1161 2878 1327 2976 magister
1360 2875 1547 2966 scolarum,

167 2971 333 3046 Gerlacos
368 2975 585 3068 prepositus,
622 2975 790 3046 hienricus
836 2972 966 3046 Caseus
1005 2985 1145 3066 custos,
1182 2973 1301 3071 Poppo
1328 2980 1546 3066 canonicus,

166 3071 364 3146 Everardus
391 3075 590 3162 canonicus,
614 3073 779 3147 Albertus
805 3077 1010 3166 canonieus,
1034 3075 1227 3150 Warnerus
1255 3079 1438 3150 cononicus
1464 3078 1550 3148 noui

15 3185 33 3226 u
166 3175 364 3244 monasterii
391 3182 426 3242 et
451 3169 574 3245 seruc
589 3177 751 3269 episcopi.

374 3369 511 3454 Sigillum
531 3371 602 3436 olim
624 3389 664 3436 aa
686 3371 856 3436 membrana
879 3351 1050 3454 appendens
1072 3377 1173 3454 periit-2
