3768 4728
692 285 909 434 episcopatus
934 332 1228 429 wirciburgensis.
1579 331 1649 408 311

276 531 382 622 siluis,
407 535 558 630 pascuis,
583 537 724 630 quesitis
751 545 785 606 et
810 533 1030 631 inquirendis,
1056 533 1198 608 decimis
1221 544 1256 606 et
1270 535 1441 606 uniuersis
1469 535 1653 606 attinentiis

276 632 314 704 de
350 654 525 705 consensu
566 636 702 732 capituli
745 640 854 707 nostri
896 634 1049 708 dedimus
1090 633 1277 706 venerabili
1317 644 1350 704 et
1390 631 1515 704 dilecto
1553 632 1651 704 nohis

275 731 441 804 Alardo
468 731 579 806 abbati
605 745 640 806 et
666 735 824 808 iratribus
860 735 995 808 cenobii
1034 734 1253 808 eberacensis
1279 755 1341 828 pro
1370 730 1487 804 ΟΟΟῑῑει
1528 737 1651 804 marcis

272 835 417 926 argenti,
444 843 479 904 ut
506 829 594 906 idem
622 839 865 906 monasterium
891 837 1058 932 premissa
1095 829 1274 916 bonasub
1297 831 1405 930 tytulo
1434 835 1650 926 proprietatis

270 933 385 1026 quiete
410 931 596 1026 possideat,
624 959 666 1005 eo
694 938 779 1006 iure.
806 956 846 1007 ea
862 937 1070 1028 integritate,
1096 957 1160 1030 qua
1176 931 1649 1030 sepedictihlnrquardus

268 1041 302 1102 et
329 1027 434 1103 Otto
461 1043 639 1106 eteorum
666 1039 908 1130 progenitores
935 1034 977 1106 ah
1003 1037 1202 1130 episcopatu
1227 1041 1348 1105 nostro
1387 1034 1525 1102 nomine
1557 1030 1649 1103 feodi

263 1129 500 1226 possidebant.
559 1132 737 1206 Adicimus
772 1134 1035 1212 nichilominus.
1075 1145 1114 1206 vt
1150 1137 1181 1206 si
1214 1141 1422 1204 memoratus
1449 1129 1552 1202 Otto
1594 1143 1650 1203 out

262 1227 415 1303 heredes
440 1233 547 1327 ipsius
575 1233 631 1304 vel
659 1237 859 1330 quicumque
895 1235 981 1306 alius
1005 1243 1218 1330 pretaxatum
1253 1231 1534 1303 eboracense
1559 1253 1647 1303 mo-

260 1333 518 1404 nasterium
546 1335 577 1404 in
605 1333 787 1429 sepedictis
815 1333 912 1406 honis
938 1337 1092 1430 inpetere
1132 1332 1191 1404 vel
1230 1331 1382 1428 inpedire
1423 1335 1648 1424 temptauerit,

262 1453 331 1502 nos
361 1441 396 1502 et
422 1453 646 1505 successores
673 1437 781 1505 nostri
809 1456 870 1529 pro
897 1433 1018 1506 abbate
1045 1443 1079 1504 et
1104 1431 1246 1504 lotrihus
1274 1430 1424 1503 eiusdem
1450 1433 1650 1502 monasterii

260 1530 460 1602 tenebimur
495 1531 730 1628 respondere,
766 1537 848 1628 ipsis
889 1534 1023 1632 plenum
1052 1531 1258 1604 worundiam
1299 1535 1332 1602 in
1371 1529 1499 1601 eisdem
1534 1529 1677 1620 honis,'

259 1633 424 1723 quotiens
451 1631 492 1703 ad
518 1656 583 1704 nos
625 1633 682 1704 vel
720 1657 945 1704 successores
981 1643 1121 1704 nostros
1159 1635 1223 1727 ipsi
1264 1631 1387 1702 iratres
1426 1634 1646 1717 recurrerint,

260 1727 478 1818 exhibendo,
511 1736 556 1804 itn
583 1741 716 1804 tamen.
743 1734 832 1827 quod
859 1738 892 1805 in
919 1735 1027 1804 sancti
1052 1733 1199 1806 hlauritii
1225 1730 1378 1826 quamdiu
1407 1735 1576 1820 uiuimus,
1612 1740 1647 1801 et

260 1837 343 1921 post
370 1827 494 1900 obitum
523 1843 676 1902 nostrum
703 1835 735 1902 in
764 1835 998 1904 anniuersario
1026 1831 1253 1903 defunctionis
1280 1842 1399 1902 nostre
1430 1831 1483 1899 dia
1511 1851 1644 1901 conso-

262 1928 426 1997 lationem
452 1929 536 2001 dei
565 1929 751 2002 solidorum
780 1955 840 2026 pro
868 1933 1109 2004 recordatione
1137 1935 1244 2002 nostri
1261 1929 1438 2001 abraami
1463 1933 1644 2001 conuentui

263 2029 372 2120 ipsius
415 2029 481 2098 loci
520 2029 721 2102 cellerarius
762 2031 881 2102 tollerat
922 2035 1100 2104 annuatim.
1164 2031 1328 2102 Preterea
1371 2027 1510 2099 bl'll'w·
1539 2051 1643 2122 agros

263 2125 433 2212 l'uodales,
460 2151 521 2221 pro
548 2128 669 2222 quihus
697 2129 859 2204 Berno.
884 2129 1129 2216 llenricus,
1156 2141 1190 2200 et
1215 2129 1445 2200 Walterus
1475 2131 1515 2200 de
1542 2129 1642 2200 Lin-

263 2223 458 2298 denloclr
485 2227 609 2300 iratres
636 2227 790 2302 abbatem
815 2229 859 2300 de
882 2230 1027 2302 Eheua
1056 2229 1270 2316 infestabant,
1299 2231 1331 2299 in
1359 2251 1475 2300 manus
1506 2241 1642 2300 nostras

264 2323 303 2394 ab
331 2324 459 2396 eisdem
487 2327 645 2400 iratribus
668 2326 711 2400 de
737 2327 1014 2402 Lindenlocb
1042 2333 1250 2421 resignatus,
1277 2327 1642 2400 eburaceusiecclesie

264 2423 306 2494 oh
331 2447 482 2496 amorem
510 2427 649 2498 fratrum
667 2427 747 2500 inihi
764 2428 957 2520 degentium
985 2427 1190 2515 tradidimus,
1216 2437 1381 2522 perpetuo
1399 2427 1640 2521 possidendos.

265 2524 425 2596 Uoleotes
452 2531 554 2619 igitur
581 2538 788 2600 contractum
816 2539 1164 2621 supramemoratum
1192 2530 1279 2598 inter
1304 2548 1368 2598 nos
1396 2538 1431 2596 et
1457 2525 1641 2598 ecclesiam

264 2623 509 2698 eberacensem
537 2627 664 2721 absque
692 2631 783 2700 onum
809 2629 1043 2720 refragatione
1069 2626 1313 2698 inviolabiliter
1336 2624 1527 2714 obseruari,
1554 2647 1639 2720 pre-

265 2735 393 2796 sentem
419 2731 574 2820 paginnm
603 2727 727 2800 exinde
762 2727 934 2800 conscribi
969 2737 1004 2799 et
1040 2727 1231 2821 sigillorum
1266 2736 1336 2798 tum
1375 2730 1507 2814 nostri,
1542 2748 1640 2820 quarn

264 2825 396 2918 capituli
424 2831 531 2898 nostri
558 2830 760 2900 auctoritate
786 2850 848 2922 pro
876 2827 1078 2900 habundanti
1095 2827 1229 2898 cautela
1253 2829 1413 2898 iussimus
1427 2829 1639 2914 communiri,

264 2933 448 2996 statuentes
477 2938 510 2996 et
537 2926 636 2998 hunni
662 2931 769 2998 nostri
798 2929 1061 3000 comminutione
1088 2925 1227 2998 firmiter
1253 2925 1456 3014 inhibentes,
1484 2937 1520 2996 vt
1547 2923 1639 2998 nullo

263 3043 407 3114 persono
434 3027 673 3098 ecclesiastica
700 3027 756 3098 vel
783 3026 949 3098 mundana
976 3026 1187 3100 eboracense
1214 3025 1391 3098 cenobium
1415 3029 1530 3122 sepius
1558 3049 1638 3098 me-

262 3135 424 3194 moratum
451 3128 483 3195 iu
512 3128 689 3220 premissis
717 3125 816 3200 honis
842 3131 876 3198 in
901 3127 1149 3198 Burnestat
1176 3150 1241 3198 nec
1265 3149 1334 3198 uon
1352 3137 1385 3199 et
1401 3130 1435 3198 in
1452 3130 1526 3222 ipsa
1545 3130 1637 3198 curin

262 3220 505 3296 Burnestat
533 3238 567 3296 et
593 3229 668 3298 eius
694 3229 879 3298 attinentiis
906 3225 1117 3320 aliquatenus
1145 3226 1266 3299 audeat
1291 3227 1501 3322 perturbare.
1534 3226 1637 3322 Siqua

262 3340 345 3394 vero
373 3328 631 3418 presumpserit,
658 3325 712 3398 dei
739 3329 980 3422 omnipotentis
1006 3328 1271 3420 indignationem
1300 3349 1340 3398 se
1363 3329 1550 3398 incurrisse
1567 3348 1636 3398 uon

259 3421 418 3515 ambigat.
446 3436 477 3494 et
506 3449 523 3494 a
551 3436 670 3497 sancto
696 3449 844 3520 corpore
871 3437 904 3497 et
932 3423 1480 3518 sanguinedomininostrilhesu
1500 3425 1637 3514 Christi,

258 3525 322 3594 uisi
349 3527 549 3616 resipuerit,
588 3525 700 3598 aliena
734 3523 801 3598 hat.
862 3525 986 3598 Testes
1024 3537 1125 3598 sunt:
1165 3525 1244 3598 Otto
1280 3528 1389 3596 maior
1429 3529 1637 3620 prepositus,

255 3619 459 3694 Godelridus
487 3625 650 3714 decanus,
676 3626 760 3697 Giso
787 3629 980 3720 prepositus
1008 3625 1049 3696 de
1075 3625 1222 3718 llovga,
1254 3624 1476 3719 hlarquardus
1502 3647 1634 3720 prepo-

255 3723 341 3792 situs
355 3721 398 3793 de
410 3721 650 3818 Onoldispach,
675 3724 849 3796 Arnoldus
864 3735 995 3812 custos,
1008 3723 1203 3796 Fridericus
1220 3736 1351 3812 cantor,
1366 3724 1633 3820 Th[eodericus]

253 3823 449 3912 portariuS,
492 3823 664 3896 arnoldus
692 3824 734 3896 de
759 3823 997 3913 Znhelsteine,
1040 3827 1156 3920 lloppo
1184 3825 1226 3897 de
1253 3825 1440 3920 Trioperc‚
1480 3829 1634 3897 canonici

253 3922 395 3994 nlaioris
422 3923 593 4014 ecclesie,
627 3923 841 3998 llermennus
867 3923 1016 3996 decanus
1053 3927 1131 3996 noui
1158 3927 1381 4012 monasterii,
1418 3923 1634 3999 Eberhardus
