3876 4722
653 439 873 542 episcopatus
899 438 1193 542 wirziburgensis.
1540 437 1616 525 dib

228 643 333 711 nostro
356 643 485 723 capituto
509 648 659 708 terminari
682 644 731 706 uci
754 651 864 729 corrigi
887 651 1073 728 nequiuepit,
1108 644 1145 710 ad
1176 644 1317 711 iudicium
1340 651 1370 708 si
1393 664 1521 710 exaraen
1545 643 1614 710 dicti

228 716 337 802 donnini
361 732 494 815 episcopi
526 733 592 792 siue
627 731 746 811 capituli
781 729 818 792 de
842 750 956 794 sunmm
990 731 1164 796 habebimus
1193 749 1349 796 recursum
1383 750 1473 814 super
1508 729 1613 794 eadem

228 809 287 874 bne
310 818 455 876 carranico
478 813 651 876 decidenda.
696 815 758 876 Nec
780 820 918 896 cuiquam
952 825 1086 880 nostrum
1118 815 1216 878 iicebit
1249 817 1385 878 annrmdo
1419 836 1473 898 pro
1505 821 1612 898 (quouis

229 913 370 976 excessa,
394 915 496 978 carisa,
520 918 592 962 casu
615 905 681 962 siue
705 905 833 984 negocio
857 901 956 982 atiquo
979 901 1015 964 ad
1039 899 1147 963 dicium
1165 949 1196 964 ..
1222 901 1357 963 abbatem
1371 907 1613 982 ratisponensem

227 983 277 1044 uei
301 981 373 1046 aiiaa
396 983 536 1064 iudicium
560 992 716 1066 requirere
740 987 877 1052 alienum.
923 987 1009 1060 Quod
1032 991 1125 1068 siquis
1143 993 1273 1049 auaitum
1287 987 1495 1050 inobedienter
1511 993 1613 1052 trans-

227 1083 355 1150 gressus
378 1067 466 1131 inerit
487 1071 656 1150 aliquando,
679 1076 797 1133 nouerit
818 1090 854 1132 sa
876 1077 941 1152 ipso
958 1071 1036 1135 iacto
1051 1067 1206 1148 prebenda
1222 1071 1288 1134 iore
1303 1077 1442 1134 continuo
1456 1076 1612 1151 priuatum,

227 1159 259 1216 et
279 1157 346 1218 unc
368 1173 423 1235 ape
445 1155 560 1218 reditus
592 1157 628 1218 ab
651 1157 782 1220 ecciesiu
805 1157 1023 1222 eiirniuandum.
1068 1159 1139 1222 item
1162 1162 1334 1235 statuimus,
1369 1165 1398 1219 vi
1432 1162 1612 1238 quicumque

226 1241 257 1300 in
279 1246 433 1320 posterum
455 1259 526 1322 sese
550 1242 626 1324 apud
656 1261 710 1304 nos
733 1247 762 1304 iu
786 1243 953 1306 contraires
976 1245 1026 1306 uei
1047 1245 1195 1326 hospitum
1216 1248 1335 1306 rrornina
1357 1248 1447 1324 recipi
1474 1243 1611 1324 postuta-

226 1327 335 1404 uerint‚
360 1321 436 1388 iacta
460 1329 585 1392 manuali
615 1325 783 1392 obedientia
805 1333 974 1408 prmuiitani
1008 1338 1037 1392 et
1070 1329 1206 1413 obligent
1235 1348 1269 1390 se
1304 1325 1341 1390 ad
1365 1331 1612 1390 constitucionem

225 1414 401 1489 premissam
426 1417 563 1492 pretextu
587 1412 708 1474 horroris
743 1419 773 1473 ct
795 1414 925 1474 utilitatis
955 1415 1086 1476 ccriasic
1120 1415 1226 1475 iactam
1261 1413 1354 1475 modis
1389 1412 1524 1474 onrrribus
1555 1432 1611 1474 vna

226 1493 381 1558 nobiscum
405 1497 571 1559 firmissime
595 1497 839 1560 consecrandam.
887 1497 923 1560 Vi
947 1507 1044 1560 arriem
1079 1499 1156 1560 dicta
1190 1503 1368 1561 constitucio
1399 1505 1427 1560 et
1457 1497 1611 1559 ordinacio

226 1598 266 1642 cx
289 1598 407 1646 morosa
431 1581 647 1645 deliberatione
675 1583 750 1644 iacta
774 1592 925 1665 perpetem
960 1585 1089 1646 obtineat
1123 1586 1288 1647 firmitatem
1325 1603 1380 1646 nec
1412 1603 1429 1644 a
1461 1601 1610 1662 quoquam

225 1665 375 1728 bominum
398 1674 536 1730 reuocari
559 1677 648 1748 quent
670 1674 700 1730 in
723 1673 835 1730 irritum
848 1716 856 1748 ,
892 1670 966 1731 banc
991 1671 1116 1732 litteram
1139 1688 1231 1749 super
1254 1687 1290 1731 ea
1313 1673 1511 1748 conscriptam
1535 1686 1610 1747 pro-

227 1755 398 1814 curauimos
431 1755 563 1816 ecclesie
587 1759 705 1816 maioris
727 1755 764 1816 de
787 1775 903 1817 sianum
926 1756 1128 1834 ber-bipolensi
1162 1765 1189 1816 et
1221 1753 1290 1814 dicii
1313 1752 1421 1816 donum
1445 1751 1480 1814 0.
1503 1753 1609 1815 iudicis

226 1836 363 1898 ordinarii
390 1857 445 1902 nec
468 1858 527 1901 non
550 1839 736 1902 docrinarum
752 1839 887 1902 abbatum
902 1839 1139 1920 supradictorum
1155 1859 1211 1902 uua
1234 1859 1300 1900 cum
1318 1845 1420 1902 nostro
1436 1845 1465 1898 et-
1478 1839 1610 1899 ecclesie

227 1927 330 1983 uestro
353 1924 458 2006 sigiliis
483 1925 650 1988 iirmissime
674 1930 856 1988 conanuniri.
901 1925 1005 1988 Datum
1039 1945 1115 1988 arram
1150 1925 1257 1986 domini
1288 1923 1335 1986 bb’·
1361 1923 1426 1984 CC⁰·
1453 1921 1608 2002 cxviiii,

224 2005 303 2070 xiiii
338 2008 481 2072 kaicndas
504 2009 583 2073 marr.

437 2180 614 2262 Appendcnt
639 2190 707 2244 octar
731 2183 839 2266 sigiiia.

435 2290 551 2358 Editum
575 2299 602 2358 in
626 2293 738 2379 iaegcr
761 2292 940 2357 Gescbichtc
965 2293 1190 2358 Frarrireniauds
1214 2291 1259 2356 tit.
1284 2313 1301 2375 p
1336 2287 1419 2370 aaa,
1442 2292 1491 2354 Nr.
1509 2291 1608 2355 txtv.

806 2589 1044 2666 ccctxxvi.

723 2792 811 2858 barm
838 2786 939 2870 troo„
967 2787 1014 2854 18.
1036 2789 1116 2854 Juiii.

221 2974 419 3048 briderirns
447 2975 487 3046 de
516 2975 737 3071 iioirenburgq
763 2980 978 3077 portenarius
1006 2987 1041 3047 et
1067 2978 1250 3047 canonicus
1279 2977 1418 3046 maioris
1433 2975 1607 3046 acclesiae

225 3075 496 3170 herbipolensis
532 3077 573 3148 ad
599 3081 759 3148 vicariam
787 3073 876 3148 beati
902 3075 1063 3172 Kynon,
1106 3097 1203 3170 qnam
1242 3074 1398 3158 dominns
1436 3073 1605 3146 Lntiridua

225 3175 390 3253 sacerdos
418 3175 630 3266 fundaverat„
656 3177 756 3248 tradit
782 3177 900 3248 dacem
923 3179 1047 3269 Jngera
1074 3197 1234 3346 sporum
1262 3179 1326 3246 sita
1353 3173 1605 3262 instanbancb,

225 3267 287 3371 pro
315 3274 434 3370 quibus
462 3275 629 3348 Hearicus
657 3277 699 3348 dc
725 3275 971 3364 Koitenbusant
998 3279 1084 3346 civis
1135 3274 1386 3369 crispeiensis,
1413 3271 1477 3346 sibi
1515 3273 1606 3345 dedit

575 3377 694 3448 decem
716 3381 841 3470 jugera
868 3397 1028 3468 agrorum
1054 3379 1087 3448 in
1114 3369 1262 3446 Grbben.

323 3547 401 3638 Ego
428 3549 453 3618 F
465 3547 694 3630 riderieus
721 3547 763 3620 de
789 3545 1082 3638 Hebenburg‚
1108 3549 1323 3639 portenarius
1359 3557 1394 3616 ei
1420 3547 1604 3618 canonieus
1722 3577 1726 3587 ·

224 3649 365 3728 maioris
391 3647 543 3720 ecclesie
569 3645 841 3741 herbipolensis„
874 3647 997 3720 litteris
1025 3644 1241 3739 presentibus
1269 3667 1443 3736 regnosco
1470 3643 1606 3738 publica

220 3757 260 3830 pt
284 3755 479 3840 protestor,
514 3747 602 3840 (quod
628 3746 669 3818 ad
696 3749 859 3819 vicariam
887 3744 976 3818 beati
1002 3745 1158 3840 imiimi,
1191 3767 1289 3838 quam
1317 3744 1473 3816 dominus
1498 3744 1605 3814 Lut-

220 3845 372 3919 Iridus
399 3847 563 3920 sacerdos
590 3846 701 3920 felicis
729 3845 984 3920 recordacionis
1012 3845 1053 3916 de
1078 3847 1150 3916 suis
1178 3844 1282 3916 rebus
1310 3847 1456 3940 propriis
1482 3845 1604 3916 racio-

220 3944 382 4030 pabiiiter
408 3950 616 4043 conparauit,
644 3945 720 4018 dadi
747 3945 865 4021 decem
888 3947 1189 4038 Jugeraagrorum
1206 3948 1271 4016 sita
1297 3942 1605 4018 inStenbauch

218 4048 284 4137 ita,
311 4056 348 4120 rt
372 4045 513 4142 predicti
542 4049 616 4142 agri
643 4049 773 4122 vicarie
799 4044 951 4144 predicte
977 4055 1141 4145 perpetuo
1168 4043 1278 4184 liberp
1305 4043 1473 4134 cedmtei
1491 4041 1604 4122 solute

1197 4163 1245 4218 oo
