3838 4728
290 455 365 536 588
875 443 1094 538 bonomonte
1122 444 1124 449 ’

293 661 381 734 inira
422 649 625 758 scriptorum
663 660 827 738 donamus
866 675 900 736 et
940 662 1102 736 tradimus
1142 659 1398 756 proprietatem
1426 655 1533 751 ipsius
1560 641 1676 737 castri,

294 761 456 854 suburbii,
481 772 718 858 prouenturum,
742 763 932 838 reddituum
959 765 1176 856 omniumque
1195 761 1321 854 jurium
1350 769 1386 830 et
1398 756 1675 852 pertinentiarum

293 861 523 960 predictorum
564 865 598 934 in
624 884 690 935 vos
717 873 752 936 et
786 863 956 960 hospitale
983 863 1190 961 predictum,
1207 859 1268 932 'de
1307 878 1479 932 consensu
1506 873 1676 950 expresso

295 963 432 1058 capituli
458 967 568 1035 nostri
593 963 749 1058 predicti,
776 986 850 1035 eum
876 965 980 1060 pleno
1007 985 1120 1036 rerum
1148 961 1298 1032 dominio
1322 957 1586 1042 transferentes,
1612 953 1677 1024 hoc

294 1073 408 1136 umen
436 1061 584 1136 adhibito
602 1063 847 1154 moderamine,
874 1063 964 1159 quod
984 1062 1192 1160 sepedictum
1207 1069 1355 1134 castrum
1380 1057 1678 1150 Boolresperg

297 1183 373 1234 cunr
400 1166 471 1236 suis
497 1166 711 1258 pertinentiis
737 1163 912 1260 prelibatis
940 1186 1003 1259 per
1029 1185 1095 1236 vos
1121 1161 1178 1233 uel
1205 1181 1267 1257 per
1302 1159 1427 1230 iratres
1466 1167 1606 1230 uestros
1644 1157 1678 1225 in

296 1273 372 1336 toto
398 1263 456 1336 uel
482 1266 516 1335 in
533 1274 629 1359 parte
655 1285 723 1336 non
741 1264 910 1336 alienetur
936 1273 993 1337 aut
1009 1263 1199 1359 aliqualiter
1227 1259 1443 1348 distrahatur,
1470 1261 1549 1329 etsi
1576 1253 1678 1342 iorte,

296 1361 387 1460 quod
414 1361 514 1454 absit,
542 1385 608 1437 vos
635 1373 692 1436 aut
717 1363 842 1438 iratres
877 1375 1018 1438 vestros
1044 1371 1267 1435 memoratam
1303 1369 1450 1432 castrum
1475 1353 1678 1430 bochea-

296 1485 408 1560 perg
435 1485 511 1534 cum
537 1467 607 1538 suis
635 1467 850 1561 pertinentiis
883 1469 918 1536 in
944 1475 1019 1536 toto
1058 1462 1116 1534 uel
1142 1467 1176 1534 in
1199 1471 1296 1557 parte
1321 1457 1475 1532 vendere
1502 1457 1559 1530 uel
1587 1455 1679 1526 alie-

296 1585 382 1638 nare
408 1565 646 1657 contingeret,
678 1565 857 1653 volumus,
898 1575 936 1636 ut
968 1562 1068 1637 nobis
1095 1573 1130 1634 et
1157 1563 1308 1635 ecclesie
1334 1570 1453 1634 nostre
1481 1555 1681 1630 exhibeatur

299 1675 335 1738 at
358 1663 528 1738 vendatur
553 1667 644 1736 iusto
670 1669 790 1760 precio
805 1663 1078 1761 comparandum.
1133 1661 1178 1734 Vt
1194 1673 1304 1734 autem
1330 1660 1396 1732 hec
1410 1670 1529 1732 nostra
1543 1655 1680 1728 donatio

297 1762 342 1836 da
383 1785 557 1838 consensu
597 1764 733 1859 capituli
771 1770 882 1840 nostri
925 1763 1107 1861 supradicti
1143 1763 1232 1834 iacta
1273 1760 1429 1834 omnihus
1472 1757 1609 1857 patebat
1647 1767 1682 1828 at

298 1863 405 1937 rohar
431 1863 583 1937 obtineat
607 1862 787 1955 lirmitatis,
812 1887 879 1938 nec
903 1865 973 1937 olla
997 1887 1100 1960 super
1127 1885 1167 1935 ea
1197 1866 1237 1935 'ln
1263 1872 1438 1959 posterum
1462 1863 1597 1958 questio
1625 1860 1680 1931 uel

301 1961 483 2036 dubietatis
522 1963 701 2060 serupulus
742 1968 891 2056 oriatur,
930 1977 1126 2060 presentem
1164 1965 1322 2060 paginam
1359 1961 1484 2034 exinde
1510 1958 1681 2034 conscribi

295 2066 463 2159 jussimus
489 2085 530 2136 ac
555 2067 665 2136 nostri
692 2076 726 2138 et
752 2065 888 2161 capituli
902 2069 1012 2138 nostri
1040 2065 1231 2157 sigillorum
1247 2059 1512 2161 appensionibus
1534 2061 1682 2133 iacimus

302 2167 514 2238 communiri.
542 2164 631 2236 Aeta
646 2173 724 2238 sunt
738 2163 850 2237 hecin
863 2167 1124 2238 circumcisione
1138 2163 1277 2254 domini,
1304 2185 1392 2236 anno
1406 2165 1480 2237 eius
1496 2161 1681 2234 millesimo

304 2262 487 2337 cclxxx
515 2267 673 2360 septimo,
699 2263 914 2360 pontificatus
939 2269 1050 2337 nostri
1076 2287 1165 2336 anno
1191 2259 1265 2336 xit.
1293 2265 1418 2338 Testes
1444 2262 1542 2338 huius
1569 2261 1683 2334 dona-

302 2367 412 2437 eionis
438 2375 558 2436 nostre
584 2375 681 2437 sunt:
709 2364 935 2460 Manegoldus
962 2365 1005 2436 de
1025 2363 1248 2459 Nuwenhurg
1274 2363 1425 2438 ecclesie
1449 2375 1570 2436 nostre
1595 2381 1682 2459 pra-

299 2467 455 2563 positus,
484 2463 649 2538 Albertus
675 2463 845 2555 decanus,
883 2464 1016 2562 Symon
1043 2465 1085 2537 de
1112 2463 1285 2539 Sliethese
1311 2473 1452 2556 canter,
1488 2462 1683 2536 liridericus

301 2563 345 2637 da
358 2561 559 2658 llohinhurg
583 2569 812 2660 portenarium,
837 2564 1012 2640 Arnoldus
1036 2563 1119 2638 deS
1142 2563 1284 2638 iocheim
1311 2575 1441 2654 custos,
1467 2561 1684 2637 Wernhems

302 2663 346 2738 de
368 2663 599 2760 Tannenherg
624 2665 895 2755 archidiaconus,
922 2665 1090 2740 Henrieus
1118 2585 1161 2738 b
1176 2663 1387 2763 Woychmar
1413 2663 1685 2755 archidiaconus,

301 2763 469 2840 Alhcrtus
483 2763 778 2840 deLewensthein
804 2765 1073 2857 archidiaconus,
1100 2765 1266 2840 liudolfus
1293 2765 1335 2838 de
1349 2761 1535 2838 lirimheim
1562 2763 1684 2840 scola-

303 2867 424 2955 stieus,
450 2868 645 2962 prepositus
673 2868 948 2964 onolspaoensis,
974 2865 1177 2940 ludewicus
1216 2865 1259 2938 de
1283 2865 1485 2961 liohinhurg
1510 2863 1684 2939 archidia-

303 2987 425 3054 conus,
451 2963 664 3040 Goteboldus
680 2966 723 3040 de
737 2967 928 3040 Walhusen
947 2977 982 3038 et
995 2966 1209 3040 Hermannus
1225 2965 1267 3038 de
1280 2965 1507 3064 hichesperg,
1533 2965 1685 3039 ecclesie

302 3074 426 3140 uestra
451 3070 626 3157 canonici3
651 3067 778 3142 nobilis
804 3069 859 3139 vir
884 3064 1033 3162 llraphto
1062 3065 1106 3139 dc
1129 3066 1347 3156 llohinloieh,
1373 3067 1481 3140 irater
1507 3063 1683 3140 conradus

303 3163 563 3241 commendator
588 3169 707 3240 domus
733 3166 911 3264 hospitalis
938 3169 1047 3240 saneti
1062 3166 1227 3240 Johannis
1253 3170 1287 3239 in
1308 3153 1553 3262 Wblchingen,
1578 3165 1685 3239 irater

302 3263 472 3338 ldanricus
499 3266 541 3339 de
568 3267 804 3359 Seldeneche,
840 3267 1096 3340 commendator
1122 3267 1242 3340 domus
1269 3267 1541 3364 herbipolensis,
1579 3265 1685 3340 frater

303 3363 475 3438 hienricus
501 3367 543 3440 de
568 3366 782 3462 Louhingen,
810 3367 1065 3440 commendator
1092 3368 1211 3442 domus
1237 3370 1269 3439 in
1290 3367 1554 3464 Myrgentheim,
1579 3367 1686 3440 irater

302 3463 500 3540 Fridaricus
538 3479 669 3560 custos,
705 3468 812 3541 irater
838 3465 1015 3540 Corradus
1042 3467 1149 3540 dietus
1177 3469 1219 3540 de
1244 3466 1429 3560 Grutheim,
1453 3467 1561 3542 irater
1583 3467 1685 3541 Hen-

306 3567 400 3640 r'iuns
428 3564 470 3638 de
486 3565 761 3661 llandersaclrer,
785 3567 1000 3642 Hermannus
1016 3568 1194 3656 heinseho,
1221 3565 1400 3642 conradus
1426 3569 1685 3662 deNidenowa

304 3661 484 3739 conradus
515 3666 623 3758 Beao,
649 3667 826 3743 Conradus
853 3667 1096 3762 Swegerarius
1119 3671 1246 3762 junior,
1274 3669 1411 3758 milites,
1439 3669 1616 3743 Gouradus
1642 3669 1685 3742 de

305 3762 461 3855 Alnelth,
487 3765 668 3841 Gernodus
692 3779 727 3841 et
741 3767 921 3842 Gernodns
941 3769 1065 3840 iratres
1089 3767 1483 3858 dictilloischultheaeu,
1510 3770 1684 3843 Conradus

306 3861 351 3935 de
376 3864 544 3938 Rietheim
572 3868 750 3961 scultams,
776 3867 1011 3964 Wolprandus
1027 3866 1171 3941 famulus
1195 3867 1372 3966 hospitalis
1400 3872 1541 3967 predicti
1568 3879 1602 3942 ct
1628 3875 1683 3947 alli

306 3983 405 4061 pram
430 3965 548 4063 pluras
573 3977 696 4060 testes,
723 3967 840 4042 clerici
867 3979 902 4042 at
927 3969 1018 4060 laici,
1042 3965 1109 4040 lide
1134 3967 1237 4064 digni.

514 4081 693 4166 Appendm
713 4084 773 4150 duo
794 4085 901 4172 sigilla.
