3774 4728
590 415 808 568 episcopatus
838 471 1132 568 trimdrurgensis.
1484 475 1553 554 att

173 671 327 760 Qualiter
353 679 465 742 autem
491 669 534 741 de
558 668 807 743 Haseiurth
832 679 867 742 et
893 671 969 745 aliis
995 671 1243 748 municionibus
1271 676 1346 747 slus
1375 679 1555 751 structuris

171 770 402 867 prouidentur,
428 769 464 840 id
487 779 608 844 nostre
635 769 881 844 deIIheracioni
907 781 943 842 et
968 771 1114 846 consilio
1151 775 1346 865 maturiori,
1384 778 1420 847 in
1454 786 1557 868 statu,

173 875 207 942 in
232 893 300 965 quo
325 893 417 942 nunc
442 879 507 958 est,
533 869 780 942 resumendum
813 869 970 946 duximus
996 883 1031 946 et
1059 891 1303 962 resumamus,
1341 873 1404 946 sub
1440 873 1555 950 debito

171 969 247 1042 fidei
274 981 309 1042 et
335 968 398 1044 sub
423 991 515 1070 pena
539 972 641 1043 trium
667 969 795 1041 milium
820 991 1010 1042 marcarum
1034 970 1250 1064 inhibentes,
1283 995 1329 1046 ne
1364 975 1439 1068 quis
1474 979 1555 1071 opi-

172 1093 355 1166 scoporum
382 1068 624 1165 predictorum,
649 1069 709 1142 vel
734 1069 855 1164 aliquis
883 1092 930 1144 ex
954 1081 1051 1166 parte
1071 1075 1223 1166 ipsorum
1235 1075 1466 1147 municionem
1484 1075 1556 1147 ali-

171 1191 269 1265 quam
294 1179 373 1242 ante
398 1169 677 1265 propalacionem
702 1171 813 1242 nostri
839 1171 975 1242 consilii
1000 1174 1192 1244 instaurare
1224 1172 1284 1244 vel
1319 1183 1439 1246 contra
1465 1178 1555 1246 arti-

171 1270 268 1342 culos
301 1271 493 1365 premissos
530 1271 651 1342 venire
685 1281 870 1364 presumat.
924 1271 962 1344 Si
996 1274 1070 1368 quis
1098 1281 1211 1346 autem
1244 1272 1280 1348 id
1311 1272 1436 1351 fecerit
1473 1286 1556 1350 eta

170 1367 269 1442 nohis
307 1372 533 1443 commonitus
569 1367 657 1441 inira
692 1371 845 1464 spacium
883 1373 1015 1462 mensis
1054 1373 1155 1444 vuius
1193 1394 1265 1446 non
1300 1375 1483 1472 resipuerit
1519 1385 1556 1455 et

172 1469 391 1559 satisfecerit,
417 1479 660 1562 transgressor
684 1467 784 1544 noble
812 1479 846 1542 et
872 1465 1023 1546 ecclesie
1047 1469 1249 1564 hloguntine
1268 1469 1311 1544 ad
1335 1472 1380 1545 Μ.
1406 1497 1554 1567 marcas,

171 1572 257 1665 parti
283 1591 370 1641 uero
397 1567 495 1639 alteri
522 1567 564 1640 ad
590 1567 656 1640 duo
682 1567 727 1640 Ill.
754 1591 945 1643 marcarum
971 1581 1150 1661 teneatur,
1184 1571 1272 1644 inira
1298 1575 1448 1667 spacium
1475 1579 1556 1648 anni

170 1672 270 1742 unius
304 1667 545 1764 persoluenda.
596 1668 792 1746 Reseruala
826 1669 927 1746 nobis
958 1668 1199 1744 nihilhominus
1232 1671 1453 1748 iurisdiciona
1485 1685 1555 1748 tam

172 1769 344 1862 tongera,
371 1791 470 1864 quam
496 1767 667 1842 ordInaria
690 1769 728 1843 iu
753 1768 851 1844 huius
879 1770 1110 1846 ordinacionis
1125 1781 1552 1867 nmueumsgressoraa.
1665 1788 1667 1810 ¹

172 1869 208 1944 Si
235 1868 315 1963 quid
338 1879 498 1964 preterea
537 1891 640 1964 super
665 1868 828 1964 predictis
854 1869 1077 1946 dubinctonts
1104 1875 1307 1962 emerserit,
1340 1875 1554 1969 interpretu-

170 1973 306 2043 cionem
329 1979 368 2042 et
392 1967 633 2043 dIffinicionem
657 1966 758 2042 uobis
781 1991 1012 2044 reseruemus.
1063 1969 1230 2046 Volumus
1258 1975 1372 2062 edam,
1396 1984 1435 2046 ut
1461 1997 1553 2046 con-

169 2079 299 2145 tractus
335 2067 550 2145 dilinicionis
587 2068 686 2142 huius
726 2067 823 2142 duret
858 2073 893 2142 iu
926 2079 1140 2166 perpetuum
1165 2091 1241 2144 cum
1275 2072 1428 2146 eiusdem
1462 2095 1553 2168 pene

123 2205 134 2217 ·
171 2168 400 2263 obligacioue.
452 2169 499 2240 Vt
524 2178 636 2252 autem
671 2167 737 2240 hac
752 2167 863 2242 'firma
887 2181 1129 2266 permaneant,
1164 2181 1363 2266 presentem
1394 2177 1555 2269 peginam

170 2268 343 2344 conscribi
356 2269 501 2344 lechnus
517 2279 552 2340 et
568 2278 634 2340 tam
647 2265 781 2358 nostro,
808 2291 907 2364 pam
926 2269 1173 2344 venerabilium
1187 2271 1328 2344 fratrum
1343 2283 1554 2366 nostrorum,

169 2367 466 2463 babenbergensis
493 2379 528 2440 et
552 2367 805 2463 herbipolensis
832 2373 1072 2466 episcoporum
1099 2369 1552 2464 sigliislocimusroborari.

271 2497 396 2570 Testes
424 2506 536 2569 autem
568 2495 614 2567 hii
641 2507 738 2569 sunt:
771 2495 809 2568 F.
837 2507 976 2588 cantor,
1013 2498 1051 2570 F.
1092 2497 1136 2570 de
1169 2495 1373 2592 Grindelah,
1408 2501 1469 2574 'lh
1509 2503 1553 2575 de

165 2597 318 2690 blalgon,
342 2601 520 2691 magister,
544 2595 603 2668 W.
631 2596 673 2668 de
698 2593 913 2690 Tanneberc,
940 2597 978 2670 G.
1005 2597 1204 2694 Kisalingus
1231 2601 1552 2674 canonicusherhi-

167 2698 336 2793 polensis,
361 2698 404 2769 A.
432 2697 606 2786 notarius,
634 2695 671 2768 G.
700 2696 904 2771 scolasticus
930 2696 1244 2792 babenbergensis,
1278 2719 1395 2774 comes
1433 2701 1475 2774 R.
1510 2701 1553 2775 da

167 2796 323 2888 Kastele,
351 2797 396 2868 II.
423 2795 466 2868 da
492 2795 681 2892 Wiltperc,
707 2796 873 2871 Alberhrs
900 2807 934 2870 et
960 2797 1082 2871 Siboto
1107 2799 1150 2871 de
1174 2795 1443 2893 Franhenstein,
1469 2803 1552 2874 Iler.

171 2896 213 2968 de
240 2894 501 2986 sconenberc,
542 2896 763 2991 puticularius
779 2923 783 2932 ·
797 2895 840 2970 de
864 2897 1087 2988 Nurenherc,
1127 2899 1337 2974 marscalcus
1373 2900 1415 2972 dc
1449 2901 1553 2996 Lura,

70 3020 72 3024 ·
169 2995 346 3088 Volgems
373 2996 415 3067 dc
442 2995 619 3088 Salnhere,
645 2997 685 3069 E.
714 2996 757 3069 de
775 2995 973 3088 Osterhurc,
998 2998 1038 3070 b.
1066 2998 1109 3071 da
1124 2999 1296 3072 Bastheim
1322 3009 1357 3072 et
1383 3001 1439 3073 alii
1454 3022 1553 3098 quam

169 3096 297 3191 plnres.
348 3093 472 3168 Actum
499 3115 588 3169 anuo
615 3095 742 3168 domini
767 3095 826 3169 ΜΟ·
860 3097 926 3169 00.
953 3098 1088 3190 xxx,
1124 3097 1226 3172 XIIII.
1254 3099 1419 3176 halendas
1456 3101 1552 3200 Sep-

171 3195 331 3284 tembris,
372 3196 555 3269 indictione
588 3191 680 3288 llll,
719 3195 933 3292 pontificatus
959 3201 1070 3272 nostri
1108 3221 1196 3271 anno
1223 3199 1376 3273 XXVIII.
1428 3203 1552 3275 Datum

173 3293 394 3368 Smalltalten.
469 3323 470 3327 ¹

337 3517 340 3528 ·
379 3495 426 3556 lix
446 3495 552 3578 stgtllts
575 3494 725 3576 quondam
748 3502 888 3578 uppensn
919 3495 1047 3560 duorum
1079 3504 1240 3578 supersunt
1268 3497 1434 3584 fragmenta
1463 3499 1552 3563 valde

383 3579 499 3655 mutila:
520 3583 642 3646 terdmn
662 3585 759 3663 partit
