3774 4728
515 468 520 481 ’
578 469 796 562 episcopatus
822 463 1116 557 wirciburgensis.

780 843 928 916 CCXXI.

347 1022 351 1027 ⁵
433 1045 518 1106 Anno
545 1041 636 1122 1230,
661 1063 765 1107 mense
787 1043 957 1121 Decembri,
982 1041 1058 1124 apud
1081 1041 1269 1107 Wirceburc.

162 1233 373 1308 Hermannus
400 1231 652 1330 herbipolensis
680 1231 852 1306 ecclesiae
890 1235 1072 1328 episcopus
1112 1257 1131 1304 a
1165 1231 1271 1304 nobili
1304 1237 1381 1306 viro
1415 1231 1540 1307 Ottone

162 1338 294 1408 iuniore
321 1337 446 1406 comite
472 1333 514 1406 da
539 1333 755 1408 Botenlcube
782 1344 894 1406 castra
909 1331 1112 1426 Hiitenburg
1138 1343 1172 1424 pt
1186 1331 1414 1430 Licbtenberg
1429 1339 1539 1428 pretio

327 1443 470 1528 quotuor
496 1434 636 1506 millium
662 1446 697 1507 et
723 1443 950 1506 trecentarum
978 1455 1165 1504 marcarum
1192 1443 1375 1528 comparat.
1423 1489 1428 1498 .

288 1603 309 1666 i.
333 1623 360 1665 n.
385 1622 409 1666 s.
434 1623 461 1666 e.
483 1609 503 1668 i.
528 1611 547 1667 t.
579 1625 604 1669 a.
648 1605 886 1668 Hermannus
918 1603 1016 1666 diuina
1040 1603 1160 1666 fauente
1193 1607 1289 1685 gratia
1324 1604 1541 1686 herbipolensis

161 1690 292 1753 ecclesie
315 1694 474 1770 episcopus
497 1692 633 1754 ocuribus
655 1697 882 1774 inperpetuum
906 1739 912 1752 .
938 1739 944 1754 .
968 1739 975 1753 .
1019 1690 1120 1752 Nosse
1131 1693 1266 1769 cupimus
1282 1694 1443 1768 uniuersis,
1466 1711 1541 1772 pre-

161 1782 262 1838 sentes
284 1779 396 1856 pariter
428 1782 458 1836 et
485 1775 620 1855 futuros,
653 1778 734 1858 quod
767 1795 834 1840 cum
864 1775 970 1839 nobitis
1003 1781 1063 1852 vir,
1101 1775 1190 1838 Otto
1214 1779 1342 1838 iunior
1374 1795 1480 1842 comes
1502 1778 1541 1840 de

161 1859 406 1924 Butentoubc
428 1860 514 1924 sriurn
537 1866 665 1924 crunnum
686 1868 716 1924 tn
738 1863 796 1926 boc
818 1865 972 1943 proposito
994 1859 1152 1940 firmasset,
1175 1860 1256 1940 quod
1278 1861 1315 1924 ab
1338 1863 1424 1924 buius
1440 1862 1541 1926 mundi

161 1947 240 2010 cultu
262 1945 435 2028 periculoso
459 1945 583 2029 sugere,
608 1949 697 2012 etad
720 1947 873 2016 meliorem
896 1951 986 2008 uitam
1008 1947 1101 2008 uellet
1123 1945 1309 2028 confugere,
1340 1955 1370 2009 et
1400 1948 1438 2010 ob
1466 1949 1541 2012 banc

160 2051 281 2094 causam
305 2035 422 2109 omnia,
445 2050 504 2111 que
534 2031 708 2113 possidebat
738 2040 863 2096 secutus
900 2033 1056 2094 consitium
1080 2032 1239 2116 euangelii
1271 2032 1404 2096 uendere
1435 2040 1465 2096 et
1486 2052 1541 2114 pro
1610 2074 1615 2090 .

160 2117 278 2200 Christo
300 2115 457 2178 intendere
481 2124 511 2178 et
534 2136 674 2202 erogare,
698 2119 846 2198 nobisque
867 2118 917 2180 illa
941 2117 1066 2180 emenda
1094 2117 1221 2193 offeret,
1254 2135 1310 2180 nos
1332 2118 1431 2182 babtto
1455 2124 1540 2201 capi·

160 2203 212 2268 tutt
234 2205 330 2266 nostri
354 2209 384 2262 et
405 2202 530 2264 aliorum
552 2202 682 2266 fidetium
705 2213 876 2268 nostrorum
899 2204 1047 2280 consitio,
1069 2221 1136 2264 curn
1159 2203 1238 2266 dicto
1261 2209 1369 2265 consite
1397 2203 1422 2266 0
1429 2212 1540 2281 ttone

160 2291 377 2366 conuenimus,
406 2295 534 2368 quatuor
564 2290 643 2353 milia
673 2307 839 2352 marcarum
868 2295 898 2348 et
927 2287 998 2350 000
1029 2307 1144 2350 marcas
1175 2293 1203 2350 ei
1234 2287 1306 2350 dare
1334 2295 1541 2369 precinentes

159 2392 213 2454 pro
237 2377 345 2434 castris
372 2371 612 2457 Hiltenburg
634 2382 664 2436 et
685 2373 976 2456 Liecbtenberg
999 2381 1029 2436 et
1050 2372 1218 2436 horninibus
1242 2379 1275 2434 et
1285 2374 1541 2454 possessionibus,

159 2459 275 2522 eisdem
299 2463 405 2524 castris
427 2459 630 2538 attinentibus,
652 2460 775 2522 interius
798 2459 990 2522 nominandis.
1035 2458 1126 2522 Cuius
1155 2463 1284 2540 pecunie
1314 2460 1393 2522 nriiie
1425 2479 1541 2524 marcas

159 2549 258 2610 comiti
293 2541 328 2606 0.
352 2543 488 2608 dedimus
510 2545 548 2606 ad
571 2563 691 2623 manus,
721 2563 798 2625 quas
820 2545 899 2606 idern
924 2543 958 2606 0.
983 2563 1017 2606 se
1040 2539 1198 2606 confessus
1223 2551 1268 2606 est
1289 2563 1390 2608 coram
1406 2546 1540 2626 pluribus

159 2633 324 2710 recepisse.
370 2628 494 2710 insuper
517 2629 589 2692 CCC
612 2639 643 2694 et
664 2631 702 2692 tx
725 2649 859 2707 marcas,
888 2649 943 2712 pro
966 2628 1073 2708 quibus
1095 2634 1323 2710 possessiones,
1357 2647 1431 2710 quas
1454 2631 1540 2694 nobie

160 2713 257 2792 dedit,
294 2720 432 2776 tenentur
466 2720 582 2798 pignori
614 2716 764 2798 obligato,
791 2721 848 2795 ipsi
871 2721 1075 2795 computamus
1098 2719 1126 2776 in
1150 2715 1287 2779 solutum.
1331 2715 1388 2778 Pro
1410 2715 1541 2780 residuis

159 2799 277 2862 duobus
299 2799 417 2862 milibus
440 2806 471 2861 et
499 2807 657 2883 nongentis
679 2806 806 2878 merois,
836 2800 874 2862 ed
895 2805 1075 2881 peticionem
1109 2806 1140 2862 et
1163 2801 1283 2881 jussum
1313 2807 1342 2862 et
1372 2801 1540 2864 mandatum

159 2889 277 2948 comitis
300 2881 335 2945 0.
352 2884 724 2967 magistroiiermanno
747 2885 933 2950 etiretribus
956 2887 1087 2950 domus
1102 2891 1304 2948 teutonice
1327 2891 1541 2967 possessiones

160 2971 291 3032 ecclesie
313 2975 417 3033 nostre
439 2976 627 3052 proprietatis
651 2977 770 3036 nomine
792 2969 1008 3052 possidendas,
1041 2990 1109 3034 curn
1131 2989 1283 3036 consensu
1306 2973 1541 3054 capranicae

160 3053 316 3132 dedimus,
349 3054 405 3134 sub
436 3061 530 3137 pactis
561 3064 592 3120 et
613 3057 861 3120 conuentionibus
885 3055 1008 3120 easdem
1030 3061 1243 3138 possessiones
1265 3063 1382 3121 statutis
1404 3063 1539 3122 terminis

159 3137 344 3215 redimendi,
377 3145 455 3204 sicut
479 3145 510 3204 iu
541 3148 744 3206 instrumentis
775 3143 921 3206 coniectis
952 3161 1043 3225 super
1080 3143 1166 3204 bonis
1204 3143 1331 3226 singuiis
1357 3149 1540 3208 continetur.

158 3224 300 3290 Homines
324 3233 423 3288 autern
444 3227 578 3308 militaris
601 3229 797 3308 condicionis,
820 3246 897 3309 quos
920 3245 1022 3292 comes
1046 3227 1135 3292 Otto
1159 3235 1339 3292 memoratus
1362 3247 1430 3292 cum
1444 3246 1541 3292 uxore

161 3331 214 3374 sua
249 3309 492 3390 Adcibeida,
532 3333 620 3378 manu
653 3314 818 3377 coadunata
851 3313 932 3376 dedit
963 3315 1048 3378 nobis
1088 3320 1118 3375 ct
1156 3312 1358 3393 herbipolensi
1400 3315 1541 3392 ecclesie,

159 3400 332 3479 propietatis
342 3400 409 3460 iure
423 3405 568 3478 perpetuo
582 3399 794 3480 possidendos,
808 3406 879 3462 sunt
893 3398 947 3462 bii:
963 3399 1102 3464 Harunan
1118 3405 1149 3460 et
1161 3403 1247 3480 pueri
1262 3403 1319 3478 sui,
1341 3399 1400 3462 due
1416 3415 1541 3463 sorores

161 3482 297 3546 eiusdem
311 3500 380 3559 cum
393 3488 505 3564 pueris,
528 3483 716 3564 erewicus,
738 3485 892 3564 Albertus,
916 3485 1101 3563 Cvonradus,
1117 3483 1322 3546 Theodericus
1338 3484 1458 3565 iratres,
1481 3481 1541 3546 due

161 3585 285 3630 sorores
308 3566 503 3642 eorrumdem,
525 3568 672 3648 Croruat,
695 3571 870 3648 Heinricus,
893 3569 1050 3650 Hartman,
1074 3568 1247 3648 Gerdrvdts,
1270 3567 1443 3634 Volmuodis
1465 3587 1541 3632 vxor

161 3651 380 3734 Scrimpbonis,
413 3653 579 3718 Mecbtildis
598 3673 673 3718 vxor
701 3655 863 3718 Hermanni
894 3655 1092 3735 Smucbonis,
1115 3654 1281 3718 biecbtiidis
1312 3672 1388 3718 uxor
1411 3653 1540 3734 Geriaci,

161 3742 209 3819 qui
232 3755 339 3800 omnes
361 3736 499 3801 dicuntur
521 3739 559 3801 de
580 3739 831 3813 liabecbesberc3
857 3741 981 3824 Tegeno
1003 3741 1118 3824 dapifer
1141 3748 1171 3802 et
1203 3759 1278 3803 vxor
1315 3745 1380 3803 eius
1404 3748 1434 3804 et
1454 3744 1540 3821 pueri

161 3831 261 3904 preter
285 3841 409 3886 rnorem
430 3822 618 3904 Waitmannt,
640 3826 769 3888 Hermon
791 3825 1003 3910 Rvobezapei,
1026 3827 1201 3904 beturicas,
1223 3826 1408 3890 Wortwinus
1429 3825 1540 3888 francs

163 3907 307 3988 eiusdem,
328 3907 486 3973 Heinricus
508 3911 634 3974 Heneiin
646 3957 655 3990 ,
677 3911 860 3974 Wolfrarirus
884 3911 922 3974 de
944 3911 1078 3979 Ostbeiut
1099 3917 1263 3993 pincerna,
1287 3909 1479 3994 Crnegvndis
1501 3908 1540 3973 de

161 3991 337 4072 Wesdreinr,
359 4013 436 4058 vxor
458 3994 560 4060 Stiridt
578 3995 620 4058 do
641 3996 754 4060 Werna
776 4005 808 4059 et
827 4003 929 4078 pueri,
950 3997 1094 4060 Albertus
1117 3995 1156 4060 de
1174 3995 1321 4062 florebam
1344 4004 1374 4061 et
1395 3997 1540 4060 medietas

162 4097 333 4160 puerorum,
354 4079 455 4160 Karto,
476 4080 631 4145 liridericb
652 4082 760 4146 iratrm
784 4089 815 4145 et
837 4082 896 4146 duc
918 4101 1042 4148 sorores
1065 4081 1201 4147 ciusdem
1221 4082 1354 4162 Attea,
1386 4089 1416 4146 et
1442 4086 1539 4164 pueri,

1133 4167 1208 4240 30*
