3774 4728
600 461 816 556 episcopatus
845 462 1137 558 wirziburgensis.
1486 467 1554 540 197

810 884 910 968 CXC.

549 1095 638 1158 Anno
664 1091 753 1159 1216.
790 1093 837 1162 10.
861 1095 1025 1175 Februarii,
1047 1097 1168 1162 Romae.

175 1305 275 1398 Hugo
304 1307 467 1378 ostiensis
494 1291 776 1379 et'velletrensis
812 1310 1016 1404 episcopus,
1055 1311 1256 1379 auctoritate
1288 1308 1414 1380 domini
1448 1331 1556 1406 papae

175 1404 334 1498 querelas
361 1408 448 1477 iuter
465 1403 624 1478 Siiridum
641 1405 931 1502 archiepiscopum
958 1411 1188 1499 maguntinum
1211 1418 1245 1478 et
1262 1407 1418 1480 Ottonem
1435 1409 1555 1481 herbi-

453 1507 630 1602 polensem
659 1509 854 1602 episcopum
881 1505 1118 1578 sententiando
1146 1507 1278 1579 dirimit.

276 1661 455 1732 Uniuersis
483 1659 607 1733 Christi
634 1659 788 1731 hdelibus
816 1659 857 1730 ad
883 1683 968 1754 quos
996 1661 1109 1734 littere
1137 1666 1203 1736 iste
1218 1667 1402 1756 paruerint.
1432 1663 1557 1758 Hugo

177 1763 398 1834 miseratione
425 1759 536 1831 diuina
560 1763 786 1832 ostiensis
814 1770 848 1831 et
873 1760 1180 1834 velletrensis
1209 1766 1391 1858 episcopus
1414 1763 1558 1834 salutem

175 1865 209 1933 iu
249 1860 399 1932 domino.
459 1859 541 1931 Cum
594 1863 682 1931 inter
724 1859 957 1931 venerabilem
997 1871 1128 1955 patrem
1181 1859 1217 1932 S.
1267 1863 1559 1957 arehiepiscopum

177 1963 472 2052 maguntinum
501 1983 547 2032 ex
572 1959 986 2055 unaparteetdominum
1003 1961 1432 2055 oherhipolensem
1459 1967 1558 2057 epis-

179 2082 301 2156 copum
328 2082 373 2130 ex
399 2059 506 2132 altera
533 2059 674 2154 querele
701 2059 837 2131 diuerse
865 2083 967 2156 super
989 2059 1139 2154 pluribus
1158 2062 1311 2156 capitulis
1330 2072 1558 2152 uerterentur,

179 2160 307 2234 domini
332 2182 417 2254 pape
444 2164 645 2232 auctoritate
672 2159 802 2232 electus
829 2159 954 2232 arbiter
989 2157 1029 2230 ab
1058 2160 1188 2232 eisdem
1227 2161 1270 2232 ad
1303 2167 1559 2237 controuersias

179 2258 390 2355 supradictas
425 2259 548 2331 iudicio
584 2270 640 2331 aut
675 2257 858 2331 concordia
892 2259 1119 2333 terminandas
1161 2259 1203 2332 de
1239 2264 1413 2356 utriusque
1454 2265 1559 2358 partis

179 2382 326 2434 assensu
360 2359 496 2432 domino
534 2359 681 2432 iaciente
714 2363 866 2453 pensatis
902 2363 1162 2434 circumstantiis
1195 2363 1387 2449 uniuersis,
1422 2385 1487 2455 que
1519 2361 1562 2433 ad

179 2459 394 2556 optinendam
420 2482 538 2555 pacem
577 2469 612 2532 et
645 2457 862 2531 concordiam
896 2457 1108 2532 nutriendam
1146 2459 1311 2554 expedire
1347 2463 1585 2555 potissimum¹

176 2559 389 2650 uidebantur,
414 2559 571 2634 dommus
597 2559 710 2630 taliter
736 2559 991 2653 prouidendum,
1018 2570 1054 2630 ut
1079 2583 1140 2654 per
1168 2583 1233 2647 θα,
1268 2581 1333 2652 que
1367 2570 1446 2654 post
1471 2559 1558 2633 latas

175 2663 364 2733 sententias
391 2659 562 2732 adomino
584 2649 782 2752 maguntino
798 2659 918 2753 prelati
941 2669 976 2729 et
994 2658 1116 2730 subditi
1137 2657 1388 2754 herbipolensis
1407 2659 1559 2732 ecclesie

175 2759 217 2831 de
244 2759 475 2854 appellatione
489 2783 563 2848 sua,
589 2769 623 2831 et
638 2757 1184 2851 dominimagdeburgensis
1212 2759 1559 2854 archiepiscopi

176 2859 393 2932 absolutione
438 2858 559 2933 conlisi
605 2859 843 2954 quoquomodo
887 2869 1076 2932 attentasse
1123 2857 1299 2948 uidentur,
1336 2859 1465 2932 nullum
1506 2861 1557 2932 eis

176 2957 399 3055 preiudicium
426 2970 633 3052 generetur‚
671 2961 717 3030 ita
751 2957 840 3052 quod
878 2957 1010 3030 cautela
1047 2957 1089 3030 ab
1126 2961 1289 3054 episcopo
1323 2958 1559 3054 herbipolensi

179 3069 350 3147 seruetur,
376 3081 474 3152 mam
501 3062 532 3129 ei
559 3058 710 3130 dedimus
725 3057 767 3128 ad
786 3061 972 3130 animarum
988 3059 1175 3153 periculum
1190 3058 1395 3148 euitandam,
1422 3058 1557 3133 abbas

175 3182 261 3231 uero
297 3157 340 3228 de
377 3156 621 3230 Kambereh
646 3157 919 3230 benedictionem
962 3167 996 3228 et
1033 3159 1099 3228 alia
1141 3159 1328 3254 spiritualia
1364 3181 1384 3230 a
1421 3159 1557 3230 domino

175 3257 448 3352 herbipolen
460 3261 496 3332 si
523 3258 676 3354 recipiat,
703 3261 789 3328 sicut
811 3256 950 3330 abbates
966 3257 1118 3332 eiusdem
1133 3263 1333 3331 monasterii
1348 3281 1368 3328 a
1385 3263 1456 3332 suis
1470 3281 1556 3352 pre-

177 3357 421 3440 decessoribus
449 3361 606 3454 reeipere
621 3369 884 3446 consueuerant
913 3357 1017 3430 saluis
1032 3368 1143 3430 tamen
1159 3356 1291 3430 honore
1318 3368 1352 3428 et
1366 3360 1557 3454 prestatio-

175 3458 273 3534 uibus
299 3461 481 3548 uniuersis,
508 3481 572 3554 quc
599 3462 732 3530 ratione
758 3460 840 3531 iuris
854 3467 1051 3554 patronatus
1073 3457 1331 3554 archiepiscopo
1349 3467 1383 3528 et
1406 3457 1557 3529 ecclesie

176 3561 372 3654 maguntine
386 3612 393 3629 .
406 3613 414 3629 .
427 3612 448 3650 .,
476 3561 563 3633 sicut
587 3561 621 3632 in
636 3557 818 3656 priuilegio
836 3557 876 3630 ab
894 3557 1151 3654 archiepiscopo
1169 3561 1366 3652 maguntino
1385 3579 1555 3630 concesso

176 3660 310 3755 plenius
337 3669 391 3732 est
417 3681 630 3754 expressum.
682 3657 848 3730 Volumus
877 3661 989 3746 etiam,
1015 3667 1051 3728 ut
1076 3657 1258 3749 Armeni,
1283 3657 1410 3730 clerico
1438 3655 1556 3727 arehi-

178 3760 332 3854 episcopi
357 3761 555 3854 maguntini,
580 3763 614 3830 in
639 3755 947 3854 parochitanam
973 3759 1007 3828 in
1031 3755 1353 3830 Houolesbach
1379 3765 1431 3830 est
1443 3779 1555 3829 cano-

178 3862 254 3930 uice
291 3851 489 3948 assecutus,
525 3859 567 3929 ab
600 3857 833 3954 herbipolensi
868 3861 1030 3952 episeopo
1067 3855 1124 3927 uel
1159 3860 1229 3930 suis
1267 3855 1360 3928 nulla
1398 3857 1556 3930 molestia

179 3959 354 4048 inferatur,
382 3968 415 4029 et
440 3957 722 4052 Engelardus
749 3957 1000 4054 herbipolensis
1029 3955 1179 4029 ecclesie
1206 3967 1241 4029 et
1260 3954 1554 4050 Hegehardus

179 4062 286 4131 sancti
312 4057 476 4132 iohannis
501 4061 658 4131 canonici
683 4058 860 4153 stipendiis
886 4057 1012 4130 nullam
1039 4058 1194 4128 iniuriam
1220 4061 1396 4152 patiantur.
