3774 4728
583 472 799 572 episcopatus
822 467 1116 568 nbnibmgensis.
1468 473 1538 552 251

172 677 245 752 liter
270 673 479 769 obseruare,
513 695 583 750 non
610 671 767 751 obstante
792 675 1050 772 composicione
1074 671 1187 749 habita
1213 673 1294 748 olim
1329 685 1408 772 aput
1431 675 1541 750 ller-

171 777 349 875 bipolim
376 779 465 850 inter
487 787 741 874 partes,.quam
766 775 888 872 prelati
913 779 1095 874 episcopus
1130 786 1165 849 et
1196 773 1321 852 iratres
1348 799 1482 850 cassam
1507 789 1542 852 et

170 883 295 952 irritam
322 899 403 952 esse
439 875 482 948 de
514 887 631 951 cetero
659 876 894 950 decreuerunt.
948 877 1076 950 'lenor'
1098 897 1183 950 uero
1217 875 1315 950 huius
1354 877 1541 954 amicabilis

172 981 433 1076 composicionis
460 987 514 1050 est
538 977 637 1053 talis:
676 975 916 1052 Prodicatores
950 983 1028 1073 aput
1054 975 1334 1074 llerbipolim
1368 981 1542 1052 constituti

171 1081 332 1155 suberunt
356 1089 390 1152 ct
416 1077 576 1153 obedient
609 1077 845 1174 herbipolensi
877 1079 1065 1174 episcopo,
1103 1077 1209 1152 saluis
1247 1101 1310 1176 per
1344 1081 1456 1151 omnia
1489 1082 1543 1154 sui

170 1181 295 1255 ordinis
323 1182 493 1270 institutis,
520 1176 817 1270 concessionibus,
843 1176 1069 1273 indulgenciis
1097 1177 1334 1274 etpriuilegiis
1350 1179 1541 1275 apostolice

170 1281 269 1374 sedis.
322 1277 567 1354 Ordinacioncs
593 1278 755 1369 fratrum,
795 1283 1081 1354 consecraciones
1122 1278 1273 1353 ecclesie
1307 1292 1350 1352 ac
1375 1277 1542 1372 altarium,

168 1380 424 1456 benedictiones
452 1381 629 1472 cimiterii,
667 1401 827 1452 uasorum
853 1401 895 1452 ac
918 1381 1201 1454 uestimentorurn
1226 1377 1541 1454 ecelesiasticorum

169 1486 332 1580 recipient
357 1479 398 1554 ab
425 1480 547 1552 eodem
573 1483 738 1578 episcopo
774 1478 832 1552 uel
870 1477 912 1553 ab
939 1479 1007 1554 alio
1034 1481 1141 1576 ipsius
1176 1479 1321 1554 licencia
1359 1483 1540 1576 requisita3

169 1585 446 1656 excomunicatos
473 1585 547 1654 eius
573 1580 743 1670 uitabunt3
778 1579 989 1653 interdictum
1028 1579 1193 1675 generale
1234 1579 1440 1673 seruabant,
1474 1584 1541 1656 nisi

168 1706 229 1780 pua
253 1693 354 1757 tenus
380 1681 547 1778 spirituali
572 1684 800 1756 concessione
825 1681 884 1754 uel
908 1679 1126 1775 indulgencia
1140 1679 1231 1762 sedis
1246 1681 1437 1778 apostolice
1463 1693 1543 1756 sunt

168 1785 325 1879 exempti.
379 1779 594 1880 Sepulturam
619 1779 789 1856 habebunt
813 1803 877 1878 pro
902 1780 1061 1855 iratribus
1088 1781 1287 1856 domesticis
1326 1791 1361 1854 et
1389 1781 1540 1856 familia-

167 1883 257 1958 ribus
297 1883 370 1956 suis
405 1881 534 1957 ordinis
569 1887 621 1956 sui
653 1881 858 1978 religionem
889 1881 1114 1958 sernentibus.
1164 1881 1218 1956 llli
1253 1881 1379 1958 trabes
1414 1892 1541 1956 tantum

167 1981 384 2082 predicabant
408 1987 443 2058 in
468 1986 607 2056 civitate
632 1981 812 2056 etdiocesi
826 1979 1072 2079 herbipolensi,
1098 1983 1153 2078 qui
1178 2003 1240 2078 per
1255 1985 1404 2078 priorem
1420 1981 1541 2058 domas

167 2083 416 2182 herbipolensis
440 2085 502 2156 vet
525 2088 635 2156 uicem
673 2087 748 2157 eius
774 2093 947 2156 tenentem
983 2081 1044 2158 vel
1082 2085 1280 2180 superiores
1313 2086 1467 2178 ipsorum
1499 2085 1541 2158 ed

165 2185 405 2284 predicationis
432 2181 578 2256 cilicium
604 2180 729 2256 inerint
754 2182 911 2280 deputati.
962 2181 1138 2256 dauchrmt
1171 2193 1302 2272 autam,
1335 2205 1379 2258 ne
1409 2187 1446 2256 in
1471 2207 1540 2281 pu-

166 2285 263 2360 blicis
287 2283 583 2382 predicacionibus
610 2305 726 2357 coram
751 2283 877 2379 populo
902 2283 1013 2378 aliqua
1030 2281 1152 2371 dicant,
1178 2281 1269 2356 vnde
1285 2287 1374 2356 iuste
1388 2284 1539 2360 scanda-

166 2387 260 2460 linari
285 2389 419 2482 possint
435 2385 553 2458 clerici
577 2385 634 2456 acl
661 2384 793 2480 prelati.
840 2383 981 2472 Quando
1007 2381 1095 2456 idem
1113 2387 1293 2479 epiecopus
1309 2385 1540 2478 personaliter

165 2486 335 2584 predicat,
370 2485 427 2558 uel
452 2485 554 2556 elicui
585 2487 620 2556 in
646 2483 812 2579 aliquibus
839 2481 1147 2582 sollempnitatibus
1180 2483 1379 2576 generalem
1416 2484 1539 2579 predi-

167 2590 342 2660 cacionem
367 2588 533 2680 inmugit,
573 2597 653 2658 tone
676 2584 802 2659 iratres
827 2594 968 2680 propter
992 2587 1099 2680 ipsius
1138 2586 1372 2656 reuerenciam
1409 2587 1443 2656 io
1476 2583 1538 2658 illc

167 2688 244 2760 loco
271 2686 442 2760 humiliter
478 2683 765 2781 apredicacione
790 2685 984 2759 cessabunt.
1036 2683 1286 2759 Comissationes
1324 2695 1436 2758 autem
1468 2707 1539 2760 non

167 2787 300 2861 audient
335 2789 402 2860 nisi
440 2789 617 2860 uenientes
644 2784 686 2858 ad
711 2784 968 2861 confessionem
999 2787 1154 2881 reqrdsiti
1187 2784 1299 2859 dicam
1336 2807 1377 2860 se
1411 2783 1538 2860 habere

167 2887 342 2962 licenciam
368 2911 388 2958 a
414 2887 555 2982 prelatis
580 2889 665 2976 sais,
690 2883 1015 2962 vclaisdemluisse
1036 2885 1233 2977 confessos,
1258 2885 1318 2958 vel
1328 2887 1360 2962 si
1379 2884 1538 2977 dixerint,

167 2989 253 3084 quod
278 3009 348 3060 non
383 2989 451 3060 sint
477 2985 648 3074 confessi,
686 2989 883 3082 promittant
922 3009 962 3059 se
1001 2985 1154 3060 conditori
1188 2985 1318 3060 eisdem
1355 2986 1538 3062 secundum

167 3089 310 3162 formam
336 3086 473 3161 concilii
497 3087 682 3180 generalis.
734 3085 780 3159 Vt
807 3097 918 3160 antem
944 3085 1009 3160 bec
1043 3088 1157 3162 omnia
1192 3086 1384 3184 supradicta
1407 3109 1538 3184 perpe-

167 3199 254 3262 tuum
279 3187 385 3262 robur
410 3187 584 3260 obtineant
608 3185 787 3278 firmitatis,
812 3187 900 3260 banc
917 3191 1207 3284 composicionem
1225 3211 1271 3260 ex
1286 3197 1426 3283 utraque
1441 3199 1537 3285 parte

168 3300 286 3388 sponte
311 3299 506 3385 receptam,
532 3297 567 3360 et
592 3291 700 3360 eciam
726 3286 970 3383 approbatam,
1003 3297 1071 3360 tam
1107 3291 1213 3384 ipsios
1240 3291 1413 3383 episcopi,
1438 3310 1537 3382 quam

166 3401 283 3464 nostro
304 3389 451 3463 'fecimus
479 3388 867 3484 sigillorum-monimine
892 3387 1058 3462 roborari.
1109 3387 1406 3484 Actum,Spoleti‚
1430 3386 1535 3462 Xllll.

167 3488 328 3564 kalendas
353 3490 453 3580 tutti,
486 3491 734 3563 incarnacionis
761 3487 928 3564 dominice
954 3510 1043 3562 nano
1076 3488 1277 3564 millessimo
1303 3487 1535 3562 ducentesimo

167 3591 260 3665 XXX
274 3590 439 3682 secundo,
458 3588 670 3685 pontificatus
682 3611 767 3662 uero
785 3587 914 3664 domiui
928 3587 1086 3684 Gregorii
1102 3607 1190 3686 pape
1200 3587 1303 3664 Vllll.
1319 3611 1407 3664 mano
1422 3599 1533 3664 sexto

371 3790 553 3875 Appeodcnt
569 3789 632 3856 duo
654 3791 752 3874 etgdta
773 3809 812 3856 cx
833 3789 1007 3854 dttesericts
1021 3787 1101 3866 rubri
1125 3795 1156 3852 et
1169 3789 1238 3854 daut
1252 3789 1379 3856 coloris:
1405 3788 1437 3867 i)
1452 3790 1535 3857 ller-

372 3881 471 3942 mannl
494 3882 638 3962 cptscopt,
660 3875 694 3956 2)
715 3875 856 3957 Ratneril,
879 3883 1006 3954 ovatum,
1027 3881 1258 3956 repraesentans
1279 3876 1539 3963 divamvtrginem

372 3964 538 4046 sedentem,
561 3967 679 4029 sinistra
701 3981 789 4026 mana
804 3980 929 4045 puerum
950 3959 1054 4024 lesum
1068 3968 1229 4042 tenentem,
1252 3968 1534 4046 cumimcripttone2

189 4111 196 4120 -
274 4149 278 4156 ⁸
371 4049 423 4132 ‚‚S.
445 4047 609 4115 lldlllllllll
632 4047 663 4115 S.
686 4045 806 4116 ttdnttt
828 4047 848 4114 1.
873 4043 1028 4113 COSlllDl
1048 4045 1139 4112 DlAC
1162 4046 1297 4112 GARD‚“
1590 4052 1591 4056 =

1121 4163 1205 4262 aa·
