3838 4728
330 443 404 520 558
913 445 1133 520 salaman

329 665 398 718 nos
422 643 782 739 prefatisvallaainrus
799 645 1047 719 inuiolabiliter
1060 645 1322 721 obseruandum.
1360 647 1464 719 Etim
1486 645 1609 718 borum
1635 647 1714 718 eui—

330 744 478 818 dentiam
512 754 613 839 atque
638 746 743 818 robur
768 757 950 843 presentes
978 748 1097 820 literas
1130 749 1324 841 sigillorum
1357 757 1555 819 nostrorum
1581 769 1714 842 appen-

329 844 482 920 sionibus
509 844 666 920 duximus
691 847 981 942 consingnandas.
1008 848 1132 919 Actum
1159 847 1247 944 apud
1262 847 1452 944 Brappaeb‚
1478 867 1567 920 anno
1590 848 1714 920 domiui

328 944 548 1020 MGCLXXX
574 950 690 1038 tertio,
715 947 803 1022 feria
828 959 946 1043 quana
970 957 1052 1044 post
1077 947 1157 1020 Viti.

538 1144 799 1296 Sigilladliprtoldi
823 1153 958 1230 episcopi
979 1153 1012 1210 et
1032 1146 1194 1212 ilmnmnni
1216 1151 1333 1212 cernitis
1367 1146 1407 1210 da
1427 1145 1613 1230 ilseneburg
1633 1145 1717 1210 laesa

540 1251 636 1315 appan
658 1251 718 1296 en.

832 1769 836 1778 Ι
917 1665 1127 1740 cDvalll.

677 1864 766 1929 Anno
790 1862 894 1946 1283„
922 1865 970 1928 11.
993 1865 1183 1946 Novembris,
1205 1865 1367 1947 llerblpoll.

325 2065 516 2140 bertoldus
554 2065 808 2162 herbipolensis
846 2069 1029 2162 episeopus
1059 2067 1142 2140 duas
1168 2077 1284 2163 partes
1311 2067 1464 2140 decimae
1489 2089 1715 2164 permaream

328 2167 437 2239 villae
465 2165 720 2260 Bibergouwe‚
758 2189 841 2261 quas
867 2159 1050 2242 Heinricus
1086 2189 1204 2240 comes
1238 2167 1280 2239 de
1305 2169 1447 2242 Kastele
1485 2168 1527 2240 ab
1565 2169 1717 2242 ecclesia

326 2265 563 2362 herbipolensi
588 2267 686 2338 titulo
711 2267 805 2339 feodi
832 2267 1050 2363 possederat,
1077 2279 1111 2340 at
1139 2267 1393 2342 subinfeudalus
1408 2267 1589 2341 Heinricus
1605 2269 1714 2340 Wol-
1793 2295 1798 2308 ·

327 2367 401 2439 uolt
437 2367 536 2440 miles
562 2365 732 2439 iratribus
759 2367 880 2440 domus
906 2369 1084 2464 hospitalis
1111 2367 1147 2440 S.
1176 2367 1340 2442 lobannis
1365 2371 1400 2442 in
1417 2367 1593 2466 Herbipoli
1619 2391 1715 2443 ven-

691 2467 845 2559 diderat,
871 2468 980 2540 eidem
1009 2468 1123 2540 domui
1150 2472 1355 2566 appropriat.

425 2637 671 2712 bertoldus
720 2637 775 2710 dei
813 2641 924 2731 gratia
956 2638 1208 2733 herbipolensis
1251 2643 1447 2734 episcopus.
1511 2638 1714 2710 Litterarum

326 2741 430 2814 oiuax
457 2741 658 2833 apparentia
684 2737 912 2812 dissensionis
947 2739 1146 2833 plerumque
1183 2743 1359 2812 materiam
1397 2737 1541 2827 dirimit,
1580 2737 1714 2810 dubium

327 2839 428 2925 tollit,
457 2839 680 2932 calumpniam
707 2861 777 2911 non
803 2837 935 2928 suadet,
961 2842 1015 2910 rai
1041 2849 1142 2932 gesto
1165 2839 1285 2934 prebet
1301 2836 1452 2910 durabile
1467 2837 1712 2909 fulcimentum.

327 2937 365 3014 ld
390 2959 455 3011 nos
483 2937 739 3011 deliberacione
765 2937 906 3033 prouida
932 2939 1159 3028 attendentes,
1186 2938 1228 3010 ad
1254 2943 1494 3012 uniuersorum
1521 2948 1558 3009 et
1587 2941 1713 3031 singa-

326 3037 446 3110 lariter
472 3037 709 3129 singulorum,
751 3048 818 3110 tam
854 3042 1085 3133 presentium,
1118 3061 1218 3134 mam
1255 3039 1525 3134 postfuturorum
1548 3041 1712 3110 noticiam

325 3137 463 3233 publiea
488 3137 752 3231 proclamamus,
776 3137 879 3232 qood,
905 3160 983 3210 eum
1008 3137 1123 3210 dilecti
1140 3143 1174 3210 in
1189 3138 1325 3210 Christo
1344 3193 1378 3212 ..
1404 3137 1653 3211 conmendator
1676 3147 1713 3210 et

190 3225 193 3244 '
325 3237 453 3312 iratres
487 3237 639 3312 domus
671 3238 913 3332 hospitalis
953 3242 1104 3312 saneti
1138 3239 1359 3311 Jobannis
1395 3242 1430 3311 in
1464 3237 1711 3332 Herbipoli

324 3339 404 3412 illas
432 3338 514 3410 duas
541 3341 613 3410 viui
640 3348 674 3410 et
699 3337 858 3412 frumenti
891 3361 954 3433 per
986 3349 1091 3410 totam
1118 3339 1269 3412 markam
1295 3339 1380 3410 ville
1404 3337 1711 3431 Bibargouwe

324 3437 459 3512 decime
484 3448 613 3533 partes,
639 3461 722 3534 quas
748 3439 874 3512 nobilis
900 3442 954 3511 vir
979 3439 1222 3514 Heinricus
1258 3459 1376 3512 eomes
1403 3439 1446 3511 de
1470 3437 1664 3511 Kastele
1691 3459 1710 3508 a

324 3537 427 3614 nobis
455 3549 489 3610 et
514 3549 634 3610 nostra
660 3539 812 3612 ecelesia
837 3539 947 3636 tytulo
980 3539 1076 3612 leodi
1107 3561 1148 3612 ac
1182 3549 1437 3635 consequenter
1462 3539 1709 3610 lleinrieua

324 3640 433 3714 dictus
460 3637 686 3728 Woloolt‚
719 3641 842 3732 milas,
875 3649 996 3712 nostre
1023 3643 1117 3712 ourie
1143 3644 1376 3729 camerarius,
1414 3637 1557 3734 abipso
1585 3641 1711 3710 comite

324 3740 448 3814 eodem
476 3739 586 3834 tytulo
619 3739 823 3834 possedisse
858 3739 1119 3828 dinoscebatur,
1162 3741 1249 3836 apud
1287 3739 1432 3812 eundem
1468 3739 1612 3810 militem
1647 3759 1710 3832 pro

324 3851 462 3914 eentum
490 3849 525 3912 et
551 3839 669 3911 dacem
695 3839 791 3912 libris
817 3839 1020 3914 ballensium
1037 3851 1308 3934 comparassent,
1333 3863 1399 3914 nos
1416 3839 1556 3913 easdem
1578 3837 1711 3909 decim

323 3952 463 4035 partes,
489 3949 558 4012 tum
584 3943 650 4034 ipsi
677 3943 811 4030 comiti,
837 3939 1070 4036 pereundam
1098 3941 1257 4030 militem,
1290 3951 1360 4012 tum
1385 3940 1486 4013 nobis
1512 3961 1576 4035 per
1601 3941 1711 4034 ipsum

324 4043 484 4114 comitem
509 4039 620 4116 libere
644 4043 852 4134 resignatas,
879 4041 1008 4115 eisdem
1036 4093 1067 4111 ..
1097 4041 1353 4115 conmendatori
1379 4049 1415 4114 et
1440 4038 1601 4113 iratribus
1625 4059 1711 4134 pure
