3774 4728
315 473 383 545 itt
892 467 1110 543 hionnmenta

310 670 472 743 inhahitat
497 669 708 763 adjacentem
734 667 848 742 domui
871 667 1015 741 lleroldi
1039 668 1082 741 de
1107 667 1213 759 Foro,
1239 668 1452 764 possideant,
1477 679 1513 741 et
1537 679 1573 742 ut
1593 667 1692 744 solus

310 769 481 843 Nathan
507 769 595 842 lilios
623 772 710 860 eius,
736 769 881 842 excluso
906 768 1013 840 fratre
1049 789 1112 841 suo
1140 771 1298 860 Vinea,
1336 777 1371 841 et
1404 768 1583 844 sororibus
1617 773 1691 843 suis

313 869 479 962 exclusis,
504 873 640 941 nineum
661 869 846 966 predictum
873 866 1036 956 obtineat,
1063 889 1106 940 eo
1132 879 1246 940 tamen
1271 871 1488 966 interposito,
1513 879 1550 940 ut
1574 873 1692 965 sepius

164 999 166 1004 ’
312 968 400 1040 dicta
426 969 535 1042 Sura
560 969 696 1042 domum
722 979 756 1040 et
780 972 915 1039 nineam
930 966 1042 1062 quoad
1052 971 1177 1039 uixerit
1191 967 1308 1041 usibus
1325 973 1396 1042 suis
1414 979 1562 1066 coaptet,
1588 969 1692 1041 dum-
1765 1007 1769 1014 ·

311 1079 419 1160 taxat,
444 1081 480 1141 ut
505 1079 562 1140 aut
588 1091 648 1144 ees
674 1067 842 1140 uendendi
868 1078 925 1138 aut
937 1067 1131 1164 exponendi
1156 1077 1213 1139 aut
1235 1067 1452 1164 aliquomodo
1477 1069 1693 1142 conmutandi

310 1164 438 1241 nullam
463 1191 606 1265 prorsus
622 1166 746 1240 habeat
770 1167 971 1239 libertatern.
1023 1168 1168 1240 Domum
1184 1169 1285 1240 etiam
1303 1169 1481 1264 prefatam,
1506 1191 1693 1265 quaprope
1760 1176 1765 1184 “

310 1268 448 1362 Rigol
473 1273 538 1341 sita
574 1279 646 1357 est,
679 1278 774 1339 retro
802 1267 1003 1358 calciarios,
1037 1266 1168 1340 filiabus
1196 1270 1267 1340 suis
1300 1267 1490 1358 Rachel,
1529 1267 1693 1362 Odilie,

311 1367 483 1460 Zimee,
508 1367 678 1458 Minue,
703 1367 855 1440 exclusis
887 1365 965 1440 filiis
991 1365 1163 1438 Nathan
1197 1377 1233 1438 et
1256 1367 1414 1456 Viues,
1440 1367 1502 1441 sub
1530 1369 1588 1440 tali
1614 1379 1692 1441 tra-

167 1484 171 1495 ’
313 1467 394 1540 didit
419 1466 627 1556 conditione,
653 1476 690 1538 ut
714 1470 744 1540 si
770 1469 803 1537 ei
826 1469 1019 1542 necessitas
1033 1467 1145 1562 aliqua
1159 1469 1339 1560 ingruerit,
1365 1478 1512 1540 esmant
1526 1468 1693 1561 uendere,

313 1577 370 1641 ant
394 1571 505 1662 possit
530 1587 708 1664 exponere
733 1566 828 1638 nullo
855 1563 1120 1658 contradicente,
1146 1576 1243 1666 etlut
1266 1567 1424 1639 iamdicta
1450 1565 1519 1639 filie
1545 1569 1693 1663 singulis

312 1670 409 1740 annis
436 1665 567 1740 dehac
593 1666 694 1740 domo
721 1665 737 1738 l
762 1665 882 1738 libram
909 1688 990 1760 cere
1025 1670 1060 1739 in
1095 1666 1150 1738 die
1183 1670 1293 1738 suncti
1316 1666 1451 1740 Nicolai
1477 1667 1622 1742 dominis
1649 1667 1693 1744 de

312 1789 444 1840 summo
470 1775 550 1862 post
574 1777 719 1840 mortem
743 1768 850 1862 ipsius
875 1765 1085 1862 persoluent.
1134 1763 1241 1838 liuius
1267 1770 1319 1839 rei
1343 1777 1452 1841 testes
1473 1777 1568 1842 sunt:
1598 1767 1694 1841 Ger-

311 1865 407 1940 lacus
432 1870 641 1962 prepositus,
666 1865 829 1940 Alhertus
866 1867 1091 1958 scolasticus,
1125 1863 1359 1941 Theodericus
1383 1867 1589 1959 Flosculus,
1616 1867 1693 1940 Ge-

311 1987 442 2060 ruugus
467 1970 704 2062 portenarius,
740 1965 921 2040 Heinricus
959 1975 1101 2054 custos,
1135 1965 1255 2060 Buppo
1294 1966 1336 2037 de
1370 1967 1528 2040 Fierede.
1579 1967 1692 2040 laici:

310 2065 430 2162 Boppo
457 2063 501 2137 de
525 2065 621 2158 Lina,
644 2065 873 2156 Helmerieus,
896 2064 1090 2137 Fridericus
1115 2063 1275 2156 hewere,
1299 2065 1501 2139 Eklrhordns
1517 2063 1692 2140 llirnihlin.

311 2164 429 2238 Judei:
458 2164 598 2256 Sunnel,
625 2164 845 2261 Gumprecht,
872 2165 1024 2253 Salman,
1048 2161 1207 2256 blichael,
1230 2163 1374 2258 Nathan,
1400 2165 1548 2240 liichuel
1564 2170 1693 2260 junior.

311 2267 401 2338 Actu
434 2275 513 2338 sunt
537 2264 603 2337 hec
628 2287 717 2337 anno
744 2263 912 2336 dominice
936 2265 1180 2337 incarnationis
1208 2264 1268 2337 ΜΟ·
1285 2264 1367 2338 00⁰·
1383 2263 1476 2358 Vl⁰·,
1508 2266 1695 2340 indictione

311 2363 368 2454 it,
393 2375 562 2458 regnante
587 2387 674 2460 rege
699 2363 866 2460 Philippo,
891 2374 927 2436 et
950 2364 1113 2436 Heinrico
1147 2369 1321 2436 existente
1354 2367 1468 2441 electo
1495 2366 1694 2440 wircebur-

313 2467 427 2558 gensi,
452 2463 616 2538 Bertoldo
644 2467 768 2538 comite
794 2463 837 2536 de
861 2462 1090 2536 llennenberc
1113 2461 1206 2536 urbis
1231 2463 1397 2560 prefecto.

525 2661 662 2748 Sigillum
684 2661 804 2744 capituli
825 2665 946 2725 maioris
970 2661 1122 2726 ccclesiae
1142 2666 1321 2744 impressum
1342 2665 1437 2731 adest.

774 3217 780 3236 x
937 3113 1084 3188 clxxi.

663 3313 751 3377 Anno
782 3309 872 3378 1207.
917 3309 947 3378 2.
970 3313 1110 3396 Januaril,
1131 3315 1347 3380 werzeborch.
1379 3297 1382 3309 ¹

318 3495 397 3571 Otto
422 3493 675 3592 herbipolensis
702 3495 846 3589 electus,
871 3497 1019 3592 lingone
1045 3511 1080 3572 et
1094 3499 1211 3574 Leone
1226 3499 1439 3598 apostolicae
1455 3499 1548 3576 sedis
1568 3501 1695 3598 legatis

251 3662 254 3672 .
316 3595 530 3693 rogantibus,
556 3595 686 3668 clerico
700 3617 763 3668 suo
778 3597 952 3690 Detauito,
977 3599 1202 3695 parrochiano
1229 3599 1414 3692 inBihera,
1439 3599 1612 3674 licentiam
1640 3601 1697 3674 dat

515 3693 687 3768 vendendi
711 3695 754 3767 od
778 3701 958 3771 triennium
976 3697 1106 3772 fructus
1131 3699 1241 3773 dictae
1266 3700 1481 3798 parrochiae.

415 3847 518 3922 Otto
543 3851 766 3926 miseratione
791 3849 904 3924 diuim
927 3849 1179 3947 herbipolensis
1217 3852 1349 3926 electis
1387 3851 1543 3927 omnibus
1569 3853 1698 3928 Christi

315 3948 497 4041 fidelibus,
531 3947 574 4022 ad
612 3971 700 4044 quos
736 3954 899 4048 scriptum
923 3949 1011 4026 istud
1036 3954 1259 4048 pemenerit,
1296 3951 1441 4026 sdntem
1476 3955 1512 4025 in
1545 3953 1696 4028 domino.

315 4047 440 4124 Notum
465 4071 547 4126 esse
571 4047 730 4126 notanus
755 4049 1054 4146 uniuersis,-quud
1079 4048 1222 4126 dilectus
1244 4051 1391 4128 clericos
1415 4063 1537 4128 noster
1561 4055 1700 4128 Detu-
