3838 4728
323 407 399 488 blo
821 474 824 485 .
907 401 1126 492 llonomentt
1264 489 1267 515 ε

323 617 477 701 meatur,
514 606 595 683 ideo
636 628 705 704 ego
730 605 1150 687 narbonensem
1190 603 1514 692 hanenstein,
1551 601 1703 675 vicerim

324 711 465 784 maioris
492 709 644 784 ecclesie
670 707 945 805 herbipolensis,
981 708 1048 784 hiis
1086 711 1121 781 in
1159 709 1294 805 scriptis
1320 704 1456 804 publice
1481 723 1702 797 recognosco

324 819 360 884 et
384 809 427 882 ad
441 813 594 884 notitiam
605 811 848 885 vninsrsorum
863 811 964 906 cupio
979 811 1175 905 peruenire,
1199 807 1290 906 qnod
1303 807 1347 885 dc
1360 807 1467 894 caria
1493 825 1560 900 quc
1584 801 1704 875 dicitnr

321 897 691 1000 hnrbhartlrode‚
727 931 826 1004 qnam
852 911 981 982 curiam
1005 909 1092 1006 apntl
1117 907 1289 983 dominnm
1313 903 1595 980 waltherum
1620 901 1702 999 ple-

321 1010 446 1084 banum
470 1012 614 1086 maioris
637 1007 790 1086 ecclesie
804 1007 1060 1106 herbipolensis
1084 1012 1152 1085 emi
1174 1020 1210 1084 et
1232 1009 1440 1105 cooperui,-
1454 1025 1554 1100 quant
1569 1003 1704 1100 piosa

324 1113 452 1184 curiam
479 1113 616 1208 ipsein
642 1107 784 1184 chlois
823 1109 1028 1200 cantauit,
1052 1109 1196 1186 soluere
1230 1118 1399 1206 perpetuo
1425 1113 1549 1181 teneor
1575 1112 1611 1176 et
1634 1105 1703 1176 nrei

322 1231 569 1300 successores,
609 1231 840 1308 possessores
874 1209 934 1283 vel
975 1209 1159 1283 dominium
1192 1209 1357 1282 hahentes
1395 1207 1492 1279 curie
1523 1213 1704 1302 prenotate

321 1309 412 1384 licto
437 1308 497 1384 W.
534 1310 683 1408 plebano
720 1319 756 1382 et
792 1311 867 1385 sais
900 1308 1178 1385 successoribus
1198 1309 1234 1383 in
1260 1307 1447 1385 snbsiffinn
1473 1325 1702 1403 expensarum

320 1411 483 1485 hminum
509 1409 674 1508 lampadis
701 1417 781 1484 ante
805 1406 915 1484 altare
939 1407 1077 1508 plebani
1103 1411 1263 1500 maioris,
1290 1429 1357 1506 qne
1382 1403 1515 1482 ardebit
1538 1408 1703 1479 cestim

320 1511 478 1587 noctibus
504 1521 540 1584 et
564 1509 697 1603 (liebus,
723 1519 759 1583 et
798 1507 934 1585 lnnrinis
966 1515 1004 1584 in
1036 1513 1224 1602 cimiterio,
1262 1509 1353 1607 qnod
1388 1505 1528 1581 ntehtt
1544 1503 1702 1580 noctbcr

324 1613 510 1702 minois,
534 1629 661 1685 nonem
694 1609 828 1685 solidos
855 1609 1072 1685 lenarioranr
1106 1611 1232 1708 legalis
1263 1617 1405 1685 monete
1440 1612 1476 1680 in
1498 1605 1557 1680 die
1583 1615 1703 1680 mnae

319 1709 523 1810 walpurgis
549 1721 586 1784 et
609 1709 911 1786 miden-solidos
936 1711 1154 1786 teneriorem
1185 1715 1221 1788 in
1257 1711 1313 1783 rlie
1350 1711 1462 1785 sarm
1493 1705 1630 1780 llerthri
1664 1715 1704 1780 et

319 1821 393 1885 tres
418 1811 575 1886 fertones
600 1831 684 1883 cere
697 1813 733 1884 in
758 1809 994 1907 purificatione
1017 1812 1120 1885 beate
1134 1811 1242 1886 blarie
1264 1811 1308 1884 tle
1326 1807 1534 1886 hmtlotlicte
1560 1809 1700 1880 ornis..

320 1910 454 1985 castoli
479 1913 561 1985 noni
585 1913 786 1986 monasterii
812 1909 1066 2009 herbipolensis
1081 1931 1209 1987 cemus
1223 1911 1323 1985 titulo
1340 1911 1521 1984 annatim.
1574 1905 1703 1982 Testes

320 2021 420 2088 snnt:
445 2008 653 2086 berbellus
677 2010 788 2086 ecus
811 2010 991 2108 llnseigen
1028 2015 1179 2088 vicariis
1214 2011 1369 2087 ecclesie
1408 2011 1562 2098 macris,
1585 2007 1703 2082 hlain-

318 2115 413 2187 ricns
437 2114 587 2210 scriptor
612 2110 825 2186 lomlnornrn
849 2115 885 2187 in
911 2131 1067 2206 sommo,
1105 2111 1288 2186 lleinriens
1315 2110 1494 2203 sacerdos,
1520 2107 1700 2184 cmm

317 2209 361 2286 tle
384 2211 548 2308 Vllingen
573 2210 817 2310 snhtlyaconns
838 2223 877 2286 et
900 2206 957 2288 elii
982 2233 1082 2312 qnam
1100 2209 1250 2310 plnres·
1282 2212 1384 2286 lltne
1409 2233 1516 2308 snper
1538 2209 1698 2286 omnibns

317 2313 497 2411 premissis
534 2320 571 2385 et
604 2332 724 2388 eorum
761 2314 907 2408 singnlls
944 2314 1067 2411 aliquis
1101 2312 1281 2390 dubietatis
1317 2312 1500 2410 scrnpnlns
1537 2311 1639 2384 alicni
1664 2314 1698 2384 in

319 2423 497 2511 posterrm
522 2413 640 2488 valeat
663 2413 825 2506 suboriri,
861 2415 980 2512 sigilla
1011 2414 1197 2488 reuerendi
1222 2417 1328 2514 patris
1354 2413 1481 2488 domini
1507 2413 1576 2484 rnei
1600 2411 1696 2485 Rer-

317 2513 403 2588 toltli
426 2517 583 2613 episcopi
607 2513 861 2611 herbipolensis
885 2526 923 2590 et
952 2517 1104 2614 capituli,
1131 2513 1344 2590 dominorum
1370 2519 1453 2588 noui
1479 2514 1696 2604 monosterii,

317 2624 355 2688 et
377 2629 491 2688 menna
549 2613 745 2691 recentibus
782 2626 863 2690 sunt
898 2637 1061 2714 appensor
1111 2617 1200 2692 Acta
1226 2625 1316 2689 sunt
1347 2615 1414 2688 hec
1445 2635 1535 2688 anno
1569 2612 1699 2686 homini

315 2711 378 2789 hl⁰⁴
392 2711 517 2790 eost
642 2719 784 2814 emto,
819 2716 959 2810 nenis¹)
983 2714 1123 2812 Martii,
1160 2716 1376 2816 pontificatus
1401 2717 1546 2816 predicti
1570 2713 1699 2788 donnini

318 2818 387 2890 rnei
411 2819 567 2916 episcopi
591 2817 672 2892 her.
698 2839 789 2892 anno
814 2816 1008 2894 vndecimo.
1330 2859 1333 2868 ·

524 3044 571 3109 lix
592 3051 720 3126 quatuor
742 3045 849 3197 slptlhs
870 3045 1020 3130 qnondam
1042 3055 1181 3132 appensis
1204 3000 1543 3132 superscripserunt
1565 3051 1698 3132 episcopi

525 3137 557 3195 et
576 3129 735 3196 llerrnennl
756 3136 858 3196 cenci
880 3133 920 3199 de
940 3133 1122 3217 Annorhach,
1144 3140 1249 3220 partlm
1271 3137 1383 3204 laesa.

531 3215 559 3296 ¹)
580 3215 706 3284 Charta:
727 3217 882 3300 ,‚liona8“.
942 3299 948 3316 ,
1003 3299 1040 3330 ·.
1079 3223 1086 3242 ’
