3768 4728
285 350 358 438 318
686 395 691 408 ·
873 363 1095 440 blommente

285 563 412 639 nobilis
439 564 621 662 taliterse
644 575 765 640 nostre
794 571 903 662 gratie
931 567 1171 658 submisisset,
1207 587 1273 640 nos
1307 563 1497 639 deliberato
1523 565 1670 641 consilio

288 689 364 738 eunt
394 671 427 738 in
455 677 666 739 castrensem
695 673 912 764 recepimus,
953 679 988 741 ct
1023 672 1058 740 ln
1084 690 1343 762 recompensam
1381 661 1671 762 bonorum,'que

286 767 386 839 nobis
414 776 449 838 et
476 767 627 843 ecclesie
654 779 773 842 nostre
800 767 952 858 dederat,
977 767 1195 856 frumentum,
1221 773 1348 856 vinum,
1375 765 1535 842 denarios
1549 780 1584 840 et
1605 769 1672 840 alia

282 868 501 961 infrascripta
527 871 559 938 ei
584 871 835 962 assignarrimus
862 873 934 940 rite
962 891 1024 940 sue
1040 868 1249 963 temporibus
1265 867 1483 962 possidenda,
1509 868 1672 940 videlicet

284 989 388 1039 rmum
413 966 616 1039 forwerc
643 979 721 1062 aput
748 969 989 1040 stamheim
1016 968 1058 1039 ad
1082 967 1192 1039 XVlll
1218 969 1352 1040 modios
1379 968 1526 1060 siliginis
1545 967 1671 1040 etVlll

287 1067 422 1140 medlos
449 1089 574 1159 avene,
601 1071 680 1140 item
709 1067 775 1140 cluo
802 1069 996 1140 molendina
1023 1071 1055 1139 in
1082 1067 1302 1164 Witpbelt
1335 1067 1376 1138 ad
1411 1067 1503 1138 Vllll
1535 1067 1669 1140 modios

286 1168 434 1262 siliginis
463 1178 497 1238 et
522 1166 553 1238 ll
577 1168 712 1240 modios
739 1171 860 1260 tritici,
888 1173 967 1240 item
994 1189 1097 1240 vnum
1124 1191 1275 1240 mansum
1310 1169 1344 1240 in
1369 1167 1597 1262 Witpbelt
1629 1168 1670 1239 ad

283 1266 349 1340 vit
376 1266 511 1340 modios
537 1267 706 1362 siliginis,
739 1272 821 1348 item
854 1267 991 1342 babebit
1026 1268 1068 1340 de
1095 1268 1404 1348 Witolsbusin
1429 1268 1510 1340 XVI
1535 1267 1668 1342 modios

285 1369 451 1460 siliginis,
478 1363 556 1440 VIII
581 1369 716 1444 modios
742 1371 845 1441 tritici
871 1379 906 1441 et
931 1365 994 1439 Xll
1015 1368 1148 1441 modios
1176 1391 1307 1456 avene,
1340 1371 1420 1440 item
1449 1368 1534 1464 apud
1559 1369 1669 1441 ller-

283 1467 458 1540 leheim
484 1467 550 1542 XX
574 1469 712 1544 modios
738 1493 875 1561 arene,
916 1472 997 1540 item
1033 1479 1113 1564 aput
1146 1467 1438 1543 Cololsbeim.
1469 1469 1511 1540 de
1537 1468 1667 1540 duobus

284 1572 412 1640 mansis
440 1567 505 1637 dno
532 1567 659 1640 talenta
672 1569 900 1659 denariorum,
927 1579 1005 1664 aput
1030 1568 1376 1641 Randersacker
1400 1567 1600 1660 Vltalenta,
1626 1569 1668 1640 de

283 1677 421 1738 moneta
446 1672 479 1738 in
506 1667 716 1764 Wirceburg
739 1668 799 1743 llll
824 1671 972 1758 talenta,
998 1671 1078 1741 item
1105 1669 1190 1765 apud
1214 1668 1437 1763 Witplrelt
1462 1667 1492 1738 ll
1517 1679 1668 1740 carratas

283 1771 368 1857 uini,
394 1779 474 1864 aput
497 1767 840 1846 Ilandersacber
865 1768 896 1841 ll
912 1780 1076 1862 carratas,
1101 1779 1180 1866 aput
1200 1769 1435 1841 lIarlestat
1459 1767 1666 1842 IIcarratas.

285 1868 428 1962 Insuper
454 1871 487 1938 in
512 1868 596 1940 villa
621 1869 818 1942 Lindeelr
841 1870 930 1942 ultra
954 1869 1107 1964 Mogom,
1134 1869 1348 1966 Witphelt
1376 1869 1537 1963 Viugera
1562 1873 1667 1942 vine-

286 1991 401 2057 arum;
427 1971 507 2040 item
533 1967 849 2065 WitpheltVlll
873 1992 979 2065 agros
995 1981 1168 2066 pratorum
1194 1981 1229 2042 et
1240 1968 1271 2044 Il
1281 1972 1449 2065 piscinas,
1475 1974 1556 2042 item
1583 1969 1667 2066 apud

282 2067 495 2141 Eteleibe
520 2065 580 2139 llll
605 2091 744 2166 porcos.
793 2069 833 2144 In
867 2070 932 2146 hiis
971 2069 1072 2144 bonis
1109 2070 1238 2144 nullum
1274 2069 1537 2165 inpedimentum
1568 2071 1668 2144 nobis
1701 2121 1707 2130 ·

283 2167 405 2260 faciet,
440 2191 482 2239 ea
507 2170 776 2265 impignorando,
813 2171 1018 2243 infeodando
1055 2169 1116 2244 vel
1155 2169 1239 2242 alias
1278 2169 1507 2242 distrahendo.
1558 2171 1603 2244 Et
1633 2181 1669 2241 ut

285 2271 396 2362 gratia
419 2279 541 2346 nostre
564 2269 641 2365 plus
667 2282 830 2368 appareat
855 2275 946 2344 cirea
960 2275 1082 2366 ipsum,
1109 2271 1294 2364 siliginem,
1315 2273 1459 2342 triticum
1475 2281 1668 2344 etavenam

283 2367 327 2452 de
353 2368 596 2442 Stembeim
622 2381 658 2444 et
682 2372 725 2445 de
749 2371 947 2448 molendino
975 2369 1204 2467 Witpbelt
1228 2381 1264 2442 et
1289 2375 1429 2466 insuper
1455 2370 1520 2444 duo
1542 2371 1668 2444 talenta

284 2468 327 2542 de
354 2468 484 2544 duobus
510 2473 639 2551 mensis
664 2473 701 2550 iu
728 2471 994 2548 Golosbeim
1020 2481 1055 2544 et
1081 2470 1164 2549 dues
1191 2481 1342 2546 carratas
1376 2473 1448 2544 vini
1486 2471 1529 2544 de
1553 2471 1668 2545 Wit-

281 2569 421 2668 phelt
445 2569 598 2667 predicte
623 2576 728 2646 uxori
755 2595 840 2662 sue,
879 2575 910 2645 si
936 2593 980 2643 eo
1006 2582 1202 2667 premortuo
1229 2574 1303 2668 ipsa
1337 2581 1515 2666 superstes
1555 2572 1669 2663 luerit,

284 2673 502 2765 assignamus
527 2674 668 2744 nomine
682 2671 749 2745 lib
761 2670 1192 2768 godingepossidende,
1219 2671 1443 2744 etfiliassuas
1458 2675 1494 2744 in
1509 2669 1669 2746 claustris

282 2774 394 2867 recipi
419 2771 478 2846 uel
505 2771 590 2844 alias
618 2773 670 2846 eis
697 2771 873 2868 prouideri
898 2767 1156 2868 procurabimus
1184 2771 1420 2858 bonumente3
1446 2773 1669 2868 permittimus

285 2873 401 2962 edum,
427 2881 464 2943 ut
489 2870 532 2942 de
557 2863 773 2964 hominibus,
813 2875 870 2968 qui
908 2875 944 2945 in
984 2893 1085 2945 manu
1119 2874 1225 2967 ipsius
1251 2871 1480 2944 Ludewici
1506 2871 1670 2945 infeodati

286 2979 377 3061 sunt,
402 2973 479 3067 ipse
505 2970 653 3044 dominio
681 2971 841 3066 gaudeat,
867 2974 1022 3068 quamdiu
1048 2975 1187 3062 vixerit,
1213 2975 1260 3044 ita
1274 2982 1321 3044 -ut
1346 2973 1381 3044 in
1407 2971 1670 3048 alienationibus

282 3073 482 3166 peripsum
517 3071 792 3168 impedimentum
827 3073 955 3146 nullum
993 3072 1145 3146 ecclesie
1184 3083 1305 3144 nostre
1338 3071 1405 3144 liat.
1456 3073 1501 3146 Et
1531 3081 1569 3145 ut
1604 3072 1670 3145 bec

283 3179 405 3244 nostra
432 3173 628 3265 assignaeio
656 3177 734 3247 siue
757 3177 993 3270 permissionis
1019 3181 1139 3247 nostre
1166 3176 1275 3266 gratie
1309 3175 1360 3244 eis
1393 3197 1413 3245 a
1448 3172 1549 3247 nobis
1583 3183 1619 3246 et
1649 3195 1670 3246 e

285 3272 547 3346 successoribus
587 3278 716 3348 nostris
755 3273 998 3347 inuiolabiliter
1041 3283 1287 3366 conseruetur,
1323 3277 1473 3370 'presens
1507 3277 1668 3369 scripturn

283 3373 371 3468 ipsis
395 3372 610 3464 indulsimus,
637 3375 753 3472 sigillo
781 3386 901 3448 nostro
930 3385 964 3446 et
990 3373 1141 3447 ecclesie
1173 3383 1295 3446 nostre
1321 3379 1495 3447 munitum.
1545 3376 1669 3448 Actum

284 3472 554 3548 annoniaco.
580 3473 725 3564 XLIIII,
751 3480 785 3564 in
811 3497 931 3549 mense
959 3473 1184 3571 Septembris,
1211 3473 1398 3547 indictione
1415 3475 1498 3568 lle,
1524 3478 1669 3573 episco-

282 3583 382 3670 patus
407 3578 517 3648 nostri
545 3597 634 3648 anno
660 3574 810 3669 xvttlt,
836 3587 915 3673 aput
938 3575 1162 3672 llerbipollm.

493 3779 630 3864 Sigillum
651 3777 810 3842 Hermanni
834 3782 967 3861 episcopi
988 3783 1087 3861 periit.

492 3895 608 3960 Nouem
630 3905 697 3980 post
718 3897 881 3980 mensIbus,
903 3903 945 3960 uti
966 3905 1046 3980 patet
1071 3915 1110 3960 ex
1132 3890 1341 3979 inscriptione
1356 3901 1387 3958 in
1417 3891 1509 3962 dorso
1538 3893 1668 3981 chartae,

494 3981 615 4063 quidam
659 3983 805 4048 lructuum
849 3988 951 4047 mutati
995 3991 1026 4044 ot
1069 3987 1184 4045 noviter
1226 3987 1370 4065 assignati
1413 4001 1500 4046 nrunu
1544 4001 1668 4068 coaeva,
