3768 4728
1083 268 1097 304 l

277 323 348 445 3Ῑρ
853 367 1071 445 Monumentu

276 571 495 660 scolasticus,
520 568 714 644 Werncrus
741 573 898 667 scriptor.
949 571 1062 643 Laici:
1091 571 1246 644 Sibertus
1274 571 1317 644 de
1342 571 1586 660 Windcbeirn,
1613 569 1653 645 n.

276 669 528 760 relicimur,
569 670 605 742 F.
635 669 676 741 de
704 669 861 760 Creme,
898 671 938 742 ll.
966 668 1085 744 Habe.
1127 671 1248 744 ttieiso
1278 677 1509 761 camerarius,
1546 671 1585 744 0.
1614 674 1655 744 de

276 769 486 866 llespiiueit,
525 770 563 840 Ο.
592 767 831 859 Woiuisireia,
859 769 895 842 Ο.
926 769 1077 866 Vulpes,
1111 785 1143 843 et
1180 773 1235 843 ulii
1263 794 1359 866 qnmn
1388 771 1514 868 piures.
1570 771 1657 843 Acta

277 881 353 944 sunt
379 871 443 942 bec
469 891 558 941 anno
595 869 635 940 ab
663 874 896 942 incarnatione
931 871 1056 941 domini
1082 873 1139 944 bic·
1174 871 1254 946 Cil‘·
1287 869 1432 964 initio,
1472 871 1656 946 indictione

276 974 393 1068 prima,
421 991 510 1041 anno
537 968 750 1066 pontificatus
778 975 887 1042 nostri
913 969 1048 1043 xviio-

483 1137 664 1223 Appendont
686 1139 774 1202 nmbo
794 1141 903 1229 sigilio.

862 1561 1070 1638 CCLXXIX.

748 1733 837 1797 Anno
865 1730 965 1811 1244„
989 1730 1039 1797 29.
1064 1735 1184 1814 Aprilis.

281 1887 469 1984 Capitulum
496 1887 747 1984 herbipolensis
775 1887 947 1960 ecciesiae
973 1897 1119 1961 renovat
1146 1897 1323 1978 statutum,
1361 1887 1451 1982 qnod
1483 1885 1596 1958 nulius
1626 1892 1657 1958 in

278 1991 544 2064 concanonicum
595 1987 909 2158 admittetumesrprgit
936 1986 1232 2180 ollllgalllsdffliae
1271 1987 1403 2058 ratione
1444 1985 1657 2082 praebendae

378 2240 579 2314 innomine
612 2242 738 2314 domini
764 2263 874 2312 amen.
927 2239 1093 2312 blouerint
1124 2241 1278 2312 uniuersi
1314 2249 1497 2336 presentes
1531 2242 1658 2336 pariter

280 2349 314 2413 et
338 2339 462 2431 futuri,
489 2341 579 2436 quod
616 2365 680 2413 nos
708 2341 887 2436 capitulum
916 2340 1169 2435 herbipolensis
1197 2339 1350 2412 ecclesie
1377 2339 1658 2412 consuetudinem

279 2439 380 2513 talem
409 2441 520 2512 multis
547 2445 729 2514 retroactis
756 2441 964 2535 temporibus
978 2440 1152 2512 babuimus
1180 2449 1215 2510 et
1240 2461 1285 2511 ex
1303 2443 1453 2534 antiquo,
1479 2451 1515 2511 ut
1533 2439 1657 2511 nullum

279 2545 313 2614 in
340 2539 546 2611 confratrem
573 2551 629 2611 aui
643 2543 908 2611 concanonicum
924 2543 1169 2635 reciperemus
1195 2543 1260 2612 nisi
1284 2537 1326 2610 ab
1349 2539 1490 2611 alterius
1507 2540 1659 2613 ecclesio

278 2639 449 2736 prebenda
477 2639 518 2710 ad
544 2661 607 2711 nos
634 2643 768 2720 ueniret
793 2640 992 2733 simpliciter
1018 2638 1205 2711 absolutus.
1259 2639 1465 2734 Quamquam
1486 2650 1598 2712 autem
1618 2638 1658 2710 ab

280 2739 470 2811 huiusmodi
497 2739 742 2810 consuetudine
768 2749 907 2833 propter
932 2739 1063 2811 ualidas
1090 2743 1332 2833 imperatorum
1360 2749 1395 2810 et
1421 2760 1561 2832 regum,
1593 2761 1659 2810 nec

279 2859 348 2913 non
375 2837 517 2909 oliorum
544 2839 730 2934 principum
769 2859 810 2909 ac
847 2837 1009 2910 baronum
1036 2841 1212 2912 instantias
1245 2859 1309 2934 pro
1344 2849 1501 2934 tempore
1534 2859 1658 2910 reces-

281 2941 440 3026 serimus,
467 2936 507 3008 ad
533 2940 641 3032 ipsam
667 2947 780 3009 tamen
803 2941 848 3009 ita
875 2959 958 3011 sane
986 2942 1207 3028 reuertimus,
1240 2949 1278 3010 vt
1303 2941 1404 3009 unitis
1431 2937 1659 3010 uoluntatibus

283 3047 317 3109 et
344 3036 570 3108 concordibus
596 3041 707 3127 uotis,
744 3041 923 3133 promissis
950 3042 1160 3134 interpositis
1187 3048 1222 3110 et
1247 3041 1445 3110 iuramentis
1470 3037 1597 3110 nulium
1623 3040 1657 3109 iu

284 3139 550 3208 concanonicum
577 3136 809 3228 admittamus,
835 3143 890 3232 qui
917 3139 973 3210 aiii
1001 3139 1151 3210 ecclesio
1182 3142 1318 3210 ratione
1349 3136 1523 3234 prebende
1558 3137 1657 3209 inerit

284 3233 466 3328 obligans
494 3239 649 3330 qnoniam
677 3238 765 3310 tales
790 3261 941 3334 persone
976 3249 1116 3334 propter
1141 3239 1353 3332 frequentem
1380 3237 1567 3310 absentiam
1595 3257 1659 3308 ec-

284 3333 391 3406 clesie
428 3347 546 3408 nostre
586 3341 693 3408 minus
734 3337 859 3408 utiliter
897 3338 1122 3410 deseruirent.
1173 3338 1219 3409 Vt
1252 3349 1363 3410 autom
1402 3336 1469 3409 boc
1507 3347 1659 3410 nostrum

283 3435 406 3507 iactum
434 3435 516 3506 nulli
543 3445 694 3508 uertatur
721 3441 753 3508 in
781 3437 925 3509 dubium.
953 3448 1147 3532 presentem
1174 3439 1330 3532 paginam
1366 3437 1483 3529 sigilio
1511 3436 1660 3508 ecclesie

283 3545 402 3607 nostre
429 3545 463 3605 et
490 3535 613 3629 sigillis
641 3536 859 3632 quorumdam
887 3540 1093 3633 pretatomm
1121 3545 1314 3609 nostrorum
1336 3534 1661 3631 superbocdecre-

283 3639 393 3706 nimus
421 3633 589 3707 roborari.
642 3637 766 3708 Actum
793 3659 882 3708 anno
905 3637 1101 3710 dorntniii10·
1119 3636 1199 3709 000·
1215 3636 1297 3710 XL0·
1319 3646 1450 3731 quarto,
1477 3631 1660 3708 indictione

283 3729 366 3825 ll¹·,
394 3757 514 3806 mense
539 3736 663 3830 Aprili,
689 3739 798 3808 torcio
824 3734 988 3807 kalendas
1016 3738 1105 3808 illuit.

493 3883 711 3966 Appendebant
721 3883 869 3964 quondam
885 3893 1011 3964 quotuor
1024 3883 1131 3970 s'giIie,
1154 3905 1193 3948 cx
1213 3885 1320 3968 quibus
1333 3893 1495 3970 supersunt
1509 3883 1661 3970 fragmen-

494 3977 555 4034 tum
577 3973 672 4051 primt,
695 3974 726 4031 et
748 3967 912 4033 secundum
928 3970 1064 4052 tractum,
1088 3975 1204 4033 tertium
1229 3981 1256 4032 et
1270 3979 1406 4056 quartum
1418 3969 1570 4056 deperdito
1582 3977 1660 4036 sunt.
