3794 4722
574 470 794 567 episcopatus
820 468 1119 566 wuniiurgensis.
1500 476 1547 552 91

150 664 321 740 inuium
356 687 497 742 suorum
521 667 666 757 iustitia,
705 665 842 742 domum
874 667 1041 764 preiamm
1066 671 1294 766 optinuimus,
1326 669 1406 744 ideo
1440 681 1479 746 ut
1503 673 1548 750 dc

151 777 271 841 emero
297 769 434 862 penitus
457 775 591 842 remota
624 770 669 842 sit
693 766 930 854 huiuscemodi
955 769 1185 843 contentionis
1212 772 1353 844 occasio
1380 770 1443 864 ht⁰
1457 793 1548 867 pre-

17 867 18 932 }
150 888 232 943 sans
259 866 393 939 cartula
419 867 537 962 sigillo
563 870 699 961 patroni
722 871 834 942 nostri
860 871 970 941 sanci
994 867 1133 964 Kyllani
1160 867 1386 942 corroborata
1420 882 1476 944 eet
1510 882 1546 946 et

151 969 372 1040 communita.
422 965 528 1038 Facta
554 975 610 1038 est
634 975 747 1040 auten
774 967 874 1040 liuius
900 965 1007 1060 sigilii
1031 969 1217 1062 impressio
1252 989 1342 1040 anno
1372 967 1542 1062 dominice

148 1067 400 1148 incarnau'onis
424 1065 610 1140 millesimo
637 1069 828 1140 contesimo
854 1067 1080 1158 sexagesimo
1106 1087 1221 1157 nono,
1260 1066 1446 1140 indictione
1482 1091 1549 1144 se-

150 1163 283 1254 cunda,
319 1166 511 1260 imperante
543 1163 733 1238 Frederico
771 1165 1028 1258 gloriosissimo
1061 1166 1298 1240 Romanorum
1322 1167 1546 1262 imperatore,

149 1262 311 1339 lleroldo
345 1267 518 1338 existente
545 1264 840 1359 wirzeburgensis
855 1263 1004 1357 ecclesia
1030 1268 1209 1361 episcopo,
1233 1264 1402 1362 Boppone
1419 1268 1550 1340 comite

149 1362 452 1458 asneburgensis
483 1361 578 1438 urhis
618 1363 849 1460 proiecturam
883 1373 1024 1438 tenuta
1058 1375 1095 1438 ct
1132 1374 1292 1459 rogante.
1352 1363 1461 1440 Huius
1495 1367 1550 1442 rei

149 1471 264 1540 testes
292 1473 372 1538 suni
394 1463 515 1536 clerici
538 1462 592 1535 hi:
618 1463 799 1537 Riclrolius
814 1485 966 1537 summus
987 1466 1197 1560 prepositus,
1224 1463 1366 1538 Persius
1384 1462 1548 1555 monum,

150 1563 371 1636 Rcinhardus
396 1567 478 1636 noni
506 1567 705 1635 monasterii
730 1566 948 1659 prepositus,
975 1562 1172 1636 Gotefridus
1196 1571 1338 1650 centor,
1364 1563 1547 1637 Heinrious

154 1663 304 1752 Caseus,
331 1661 538 1736 Adellrertus
556 1671 687 1751 custos,
712 1661 1548 1758 sanciensproposiais,ii0in1icusvaccarius,

17 1793 19 1798 ’
152 1762 308 1834 Wenelo
334 1763 567 1857 portenarias,
593 1759 739 1835 Siiridus
765 1761 808 1834 de
832 1759 1023 1845 llulebnrc,
1049 1757 1259 1834 Adelhertus
1287 1759 1330 1832 de
1355 1760 1549 1852 Phuneche,

155 1858 333 1933 Ginradns
366 1860 591 1948 cellerarius,
624 1860 800 1933 lohannes
837 1859 1065 1947 scolasticus,
1103 1855 1281 1932 Cinradus
1315 1859 1359 1932 da
1384 1858 1548 1932 Froburc.

153 1960 240 2032 ltem
267 1959 366 2030 laici:
392 1960 530 2054 Reputo
556 1981 689 2048 comes,
716 1955 895 2032 Ginradus
921 1957 965 2030 de
982 1957 1285 2046 Wicharteslnoim,
1318 1957 1362 2030 de
1379 1957 1550 2032 Bineuielt

154 2057 370 2130 Adelbertus
398 2067 435 2130 et
456 2058 698 2150 Berengerus,
729 2058 909 2150 Billungns
935 2056 1189 2146 uicedominus,
1221 2057 1333 2148 Boio,
1366 2057 1549 2132 lleimicus

157 2158 326 2232 scultetus
363 2167 399 2229 et
431 2160 506 2230 eins
538 2156 628 2231 lilius
654 2158 858 2246 lleinricos,
897 2155 1078 2250 Billnngns
1105 2157 1294 2244 scultetus,
1337 2155 1549 2247 lictefridus,

155 2256 330 2330 Heroldus
358 2259 588 2346 camerarius,
627 2251 805 2328 Ginradus
850 2255 893 2327 de
927 2255 1204 2348 Regeneslrurc,
1238 2254 1469 2328 Berewardas
1506 2254 1549 2328 de

156 2355 368 2444 Unenlicim,
395 2353 766 2428 ciceronianus
792 2355 905 2444 Arno,
929 2353 1161 2446 Engelliertus
1187 2354 1325 2447 Haggo,
1352 2353 1547 2446 (tornagus,

159 2449 339 2528 Giuradus
364 2453 518 2548 Longus.
569 2453 631 2527 lsti
653 2453 881 2526 interfuerunt
906 2463 941 2526 et
966 2451 1146 2526 audierunt
1170 2451 1242 2543 hec.

369 2649 506 2734 Sigillum
527 2655 706 2733 impressum
727 2651 850 2734 collegii
871 2655 967 2716 sancti
988 2649 1104 2730 Kyliaui
1128 2647 1166 2710 de
1187 2646 1288 2727 domo,
1310 2647 1390 2712 hunc
1412 2656 1548 2712 sendum

368 2742 577 2816 repraesentat
598 2735 756 2800 sedentem
778 2740 808 2798 iu
824 2737 911 2812 solio,
926 2735 1033 2798 dcxtm
1048 2733 1168 2816 pedum,
1192 2737 1314 2796 sinistra
1328 2733 1436 2798 librum
1450 2752 1547 2798 evau-

367 2819 518 2904 geliornm
540 2825 690 2884 tenentem
713 2838 780 2884 cnm
801 2825 996 2904 inscriptione
1024 2817 1126 2898 ,‚SCS.
1149 2816 1356 2882 lilLlANVS“.

811 3135 896 3250 ori.

746 3349 838 3410 Anno
870 3339 960 3410 1169.

158 3499 330 3576 Heroldns
356 3500 688 3594 wieburgensium
715 3499 870 3570 minister
892 3495 1025 3594 predia,
1052 3519 1140 3591 quae
1164 3497 1333 3568 Henricus
1360 3491 1403 3566 de
1428 3490 1546 3564 Lnden

160 3623 262 3700 super
288 3601 453 3696 reliquias
490 3621 518 3674 s.
544 3599 670 3672 lliliani
697 3597 941 3690 delegaverat,
979 3595 1091 3668 eidem
1117 3593 1159 3666 ad
1183 3593 1344 3666 utendum
1368 3613 1478 3686 usque
1504 3589 1547 3663 ad

556 3700 737 3772 terminum
761 3699 855 3769 vitae
880 3718 964 3770 suae
989 3697 1140 3768 remittit.

255 3830 296 3906 ln
322 3832 462 3906 nomine
488 3839 606 3906 sancte
632 3839 667 3902 et
690 3825 863 3902 indiuidua
889 3831 1058 3900 trinitatis.
1110 3824 1337 3898 llereldue
1362 3822 1420 3894 dei
1437 3825 1547 3918 gratia

157 3929 500 4024 Wisuebmgensiam
525 3928 660 4004 humilis
686 3930 852 4002 minister.
903 3926 1110 4000 Benedictus
1137 3923 1235 4014 deus
1256 3927 1313 4019 qui
1331 3944 1405 3996 non
1420 3925 1548 3996 amouit

162 4033 354 4110 cntionem
374 4027 403 4122 ¹)
433 4037 587 4104 aunam
617 4037 653 4102 et
678 4025 951 4102 misericordiam
984 4046 1079 4099 eneas
1117 4045 1157 4192 a1
1164 4021 1294 4192 paphie,
1330 4043 1394 4118 pro
1427 4031 1548 4096 nostre
