3838 4728
337 429 409 502 542
910 429 1129 502 Monumenta

338 638 493 724 possent,
520 639 555 700 et
580 637 774 702 contractus
802 629 877 700 siue
890 627 1040 700 uenditio
1069 647 1281 723 quocumque
1296 627 1400 702 modo
1414 628 1529 700 ualeat
1540 625 1717 723 impediri3

338 738 373 800 et
400 731 430 800 si
457 727 546 800 dicte
571 731 816 823 possessiones
846 738 879 799 et
900 729 1092 823 vineeplus
1110 728 1265 800 ualeant:
1293 729 1382 823 quod
1394 727 1499 824 pluris
1516 737 1583 816 ost,
1609 749 1719 823 sepe*-

338 826 436 900 dictis
463 829 600 901 clericis
628 827 791 899 donamus
817 849 880 922 per
915 837 1096 923 presentes
1133 837 1274 924 propter
1300 851 1420 900 eorum
1446 829 1594 900 seruicia
1619 825 1718 900 nobis

337 927 461 1022 placita
488 939 523 1000 et
549 928 685 1016 dilecta,
710 926 881 1022 predictas
916 949 1002 999 uero
1040 932 1286 1024 possessiones
1321 928 1420 1000 dictis
1456 927 1594 999 clericis
1629 949 1719 998 con-

337 1027 478 1100 ferimus
504 1051 567 1123 per
591 1037 773 1124 presentes
801 1037 835 1098 et
860 1031 896 1098 in
919 1027 1064 1099 eosdem
1089 1028 1338 1116 transferimus,
1365 1030 1452 1100 sicut
1476 1029 1634 1122 superius
1667 1035 1721 1098 est

339 1149 556 1222 expressum,
582 1130 770 1200 reseruatis
796 1125 896 1200 nobis
923 1126 1059 1198 xvlflo-
1074 1127 1213 1200 maldris
1238 1129 1353 1216 tritici,
1381 1149 1445 1222 que
1473 1124 1659 1198 dannobis
1680 1124 1721 1197 ad

338 1227 434 1299 rulos
462 1249 591 1300 cuneos
617 1227 768 1299 infesto
796 1227 1041 1322 penthecostes
1069 1225 1111 1298 do
1136 1227 1276 1322 prefatis
1311 1225 1410 1300 bonis
1445 1230 1542 1300 annis
1575 1225 1720 1320 singulis

340 1337 604 1422 consueuerunt.
659 1327 784 1400 Testes
811 1327 909 1398 huius
935 1327 1016 1398 lacti
1043 1337 1138 1398 sunt:
1166 1326 1210 1399 bl.
1238 1331 1448 1421 prepositus,
1474 1327 1531 1398 Al.
1558 1325 1720 1416 decanus,

338 1423 375 1497 L.
403 1426 446 1498 de
472 1425 609 1520 (iligen,
637 1426 672 1498 S.
701 1425 743 1498 de
771 1425 922 1500 Slithese
949 1437 1080 1514 cantor,
1106 1426 1299 1499 Fridericus
1326 1426 1369 1498 de
1394 1425 1607 1519 llohenburg
1632 1447 1721 1520 por-

338 1531 503 1615 tenarius,
530 1527 570 1598 ll
600 1525 642 1598 de
668 1525 936 1621 Helderungen,
961 1527 1023 1598 Ar.
1052 1526 1094 1597 de
1122 1523 1345 1622 Speresheim
1372 1536 1510 1614 custos,
1544 1526 1642 1597 Wor.
1679 1524 1721 1597 de

340 1626 570 1720 Tannenberg
596 1625 811 1715 cellerarius,
836 1627 877 1698 ll.
906 1626 948 1698 de
974 1626 1180 1714 Wechmar,
1217 1627 1298 1698 Her.
1326 1625 1369 1697 tle
1394 1624 1588 1715 Bastheim,
1613 1624 1651 1695 L.
1680 1623 1721 1696 de

339 1723 561 1820 liobenberg,
586 1729 752 1820 magister
779 1725 982 1820 Gregorius,
1007 1725 1065 1798 W.
1095 1725 1136 1796 de
1162 1725 1308 1816 Linach,
1332 1723 1391 1798 Al.
1420 1723 1462 1798 de
1486 1725 1721 1816 lewenstein,

338 1823 381 1895 R.
409 1825 627 1914 scolasticus,
651 1825 729 1897 Ber.
759 1823 800 1896 de
825 1825 1012 1919 Nithberg,
1048 1828 1204 1898 canonici
1230 1825 1382 1899 ecclesie
1408 1823 1661 1920 herbipolensis
1688 1833 1722 1896 et

340 1925 397 1996 alii
421 1948 519 2020 quam
544 1925 672 2020 plures.
724 1921 762 1994 ln
789 1929 883 1996 cuius
911 1929 962 1997 rei
985 1929 1215 1998 testimonium
1242 1935 1276 1998 et
1303 1929 1501 1998 memoriam
1528 1924 1722 1996 cudentem

340 2035 521 2120 presentes
547 2025 680 2098 litteras
708 2025 827 2116 sigillo
854 2037 974 2098 nostro
1010 2024 1165 2098 duximus
1198 2023 1421 2116 roborandas.
1473 2025 1597 2096 Datum
1632 2045 1722 2098 auno

341 2123 466 2198 domini
491 2121 778 2214 nocturne,
805 2123 954 2198 secunda
981 2123 1066 2196 teria
1092 2135 1172 2222 post
1197 2125 1322 2198 festum
1349 2127 1498 2197 omnium
1512 2134 1720 2198 sanctorum.

548 2323 706 2405 Appendet
729 2323 861 2407 sigillum
885 2325 1007 2385 laesum.

951 2763 1111 2840 ODLVll.

844 2967 932 3032 Anno
958 2961 1060 3042 1281,
1083 2971 1149 3028 stne
1171 2963 1229 3028 dte.

345 3148 485 3247 Kraplto
511 3151 552 3222 de
578 3151 782 3224 Hobonloch
808 3152 954 3249 capitulo
981 3149 1213 3246 herbipolensi
1229 3151 1392 3246 promittit
1408 3152 1588 3242 assignare
1606 3158 1721 3222 certos

344 3247 494 3324 redditus
522 3259 578 3322 aut
603 3257 850 3347 possessiones
866 3261 1049 3348 perpetuas
1077 3248 1118 3321 ad
1134 3251 1369 3324 anniversaria
1388 3245 1598 3345 Krapftonis,
1625 3247 1723 3321 Oun-

594 3351 666 3423 radi
693 3363 727 3425 ot
753 3351 918 3426 Gerhardi
942 3351 985 3424 de
1010 3349 1237 3444 Bochesberg
1262 3347 1469 3447 peragenda.

443 3516 710 3598 Honorabilibus
737 3525 823 3596 viris
852 3575 886 3592 ..
913 3524 1090 3618 proposito
1119 3575 1153 3591 ..
1181 3520 1312 3592 decano
1339 3530 1373 3592 et
1398 3519 1545 3616 capitulo
1573 3519 1725 3593 ecclesie

345 3615 597 3711 herbipolensis
641 3621 831 3718 Krapfto
865 3620 908 3692 de
945 3621 1211 3695 Hobonloch
1251 3619 1395 3693 salutem
1439 3641 1515 3692 cum
1556 3619 1725 3714 obsequio

346 3737 483 3812 sempor
507 3731 674 3817 prompto.
729 3721 812 3794 (lum
838 3721 945 3793 frater
969 3721 1156 3816 Kraplto
1183 3731 1218 3792 et
1231 3720 1344 3793 seticis
1359 3719 1607 3794 recordationis
1623 3719 1723 3792 Gun-

344 3816 478 3889 ratlus
504 3817 630 3894 iratres
657 3820 700 3893 de
724 3820 1050 3914 Bookesborg,
1084 3820 1241 3894 auunculi
1276 3823 1406 3908 nostri,
1442 3819 1544 3892 beato
1576 3819 1724 3915 Kyllene

347 3915 412 3988 duo
439 3917 565 3990 lumina
592 3929 755 4016 perpetua
784 3931 862 3992 ante
888 3924 995 4017 ipsius
1023 3919 1131 3992 altare
1158 3923 1319 3994 continue
1345 3918 1496 3992 ardentia
1522 3929 1556 3992 et
1582 3929 1726 4014 quumor

348 4015 468 4088 multra
492 4021 594 4090 tritiu
620 4019 765 4115 singulis
793 4023 890 4093 annis
917 4021 1019 4093 vobis
1047 4041 1110 4114 pro
1138 4019 1291 4092 remedio
1319 4023 1502 4096 animarum
1528 4041 1665 4092 suarum
1691 4027 1726 4092 et
