3776 4730
328 434 416 524 tis
925 434 1163 550 hlorrumanto¹
1277 483 1281 490 ·

330 649 558 726 ¹venerahilis
577 649 682 746 patris
705 647 914 724 Bertoldi
941 649 997 725 dei
1022 651 1134 748 gratia
1156 644 1412 746 herbipolensis
1428 645 1597 746 episcopi-4
1621 665 1725 743 aquo

340 749 484 827 eandem
511 751 728 824 aduooaciarn
756 755 829 824 inre
854 751 948 826 leodi
962 751 1126 826 habenam
1153 761 1189 824 at
1212 749 1442 846 possidemus,
1468 747 1724 826 honorabilibus

338 855 424 926 viris
453 907 488 925 ..
515 855 706 949 preposito,
733 905 768 922 ..
795 851 926 924 decano
953 863 992 925 et
1013 851 1162 950 capitulo
1186 849 1439 947 herbipolensis
1456 851 1623 941 ecstasis,
1648 871 1724 922 cum

327 952 499 1043 ¹amnibus
523 951 678 1042 iuribus,
705 953 946 1047 pertinenciis,
984 950 1207 1050 prouentibus
1249 961 1284 1024 et
1307 949 1506 1026 utilitatibus
1533 951 1575 1024 ad
1601 950 1724 1028 uictam

337 1053 559 1126 adnocaciam
572 1052 752 1150 etprefata
767 1051 857 1126 hona
870 1053 1131 1149 pertinentibus,
1156 1050 1349 1142 vendimus,
1370 1050 1546 1144 tradimus,
1559 1055 1724 1149 ipsosque

335 1165 372 1224 et
396 1163 639 1250 procuratores
668 1152 866 1226 eorumdem
891 1157 926 1226 in
940 1151 1344 1251 prelatorumhonorum
1370 1152 1556 1226 oduooaeia
1568 1152 1723 1249 predicte

325 1263 371 1325 ,et
395 1257 517 1329 iuriam
542 1257 651 1350 ipsios
677 1256 940 1350 possessionem
966 1265 1001 1327 et
1022 1255 1123 1352 'quasi
1148 1256 1409 1349 possessionem
1444 1253 1634 1328 inducimus
1659 1275 1722 1350 pro

324 1358 452 1449 precio
480 1354 508 1426 G
533 1353 693 1428 librarum
720 1353 936 1446 hallensium,
961 1356 1053 1452 quod
1077 1356 1230 1452 precium
1257 1351 1535 1430 eonfitemurnos
1559 1353 1722 1430 hahuisse

327 1463 370 1526 et
394 1457 586 1549 recepisse,
610 1457 852 1528 renunciantes
879 1459 1085 1552 exeepcioni
1110 1474 1179 1528 non
1206 1463 1383 1528 numerate
1408 1456 1554 1550 pecunie
1579 1464 1615 1527 et
1629 1457 1720 1529 omui

327 1555 417 1627 iuris
444 1555 573 1628 auxilio
601 1557 758 1630 canonici
783 1565 818 1626 ot
844 1555 968 1628 ciuilis.
1020 1557 1065 1630 Ut
1091 1564 1203 1628 autem
1239 1553 1488 1628 hec'vendicio
1516 1565 1551 1627 et
1575 1555 1720 1632 tradicio

331 1653 438 1726 robur
464 1653 641 1730 obtineant
665 1653 846 1746 firmitatis,
871 1667 1070 1751 presentem
1095 1655 1229 1728 literam
1244 1653 1372 1728 exindo
1393 1655 1586 1730 confectam
1602 1655 1720 1750 sigillo

329 1765 454 1828 nostro
480 1753 697 1846 roboramus,
723 1764 768 1828 ot·
782 1753 926 1828 eandem
962 1758 1078 1852 sigillo
1106 1753 1318 1830 venerabilis
1352 1758 1458 1852 patris
1483 1754 1639 1830 Bertoldi
1665 1755 1719 1832 (lai

327 1856 442 1948 gratia
467 1853 721 1952 herbipolensis
747 1858 903 1951 episcopi
927 1855 1132 1930 obtinuimus
1160 1857 1358 1928 communiri.
1395 1854 1521 1928 nonno
1546 1855 1719 1932 Grutheim

330 1977 420 2027 anno
449 1954 573 2028 domini
598 1957 659 2030 ppo.
684 1953 767 2030 00⁰·
789 1955 958 2046 LXXV⁰·,
991 1957 1102 2030 idibus
1127 1954 1221 2044 tuln,
1247 1955 1465 2051 presentibus
1490 1956 1650 2032 nmotto
1676 1957 1719 2034 da

328 2053 560 2146 Vesenheim‚
587 2058 754 2128 canonico
781 2054 1038 2152 herbipolensi,
1075 2053 1240 2129 Bertoldo
1268 2056 1472 2152 capellano,
1512 2055 1717 2154 Berengero

328 2155 449 2248 milite,
476 2154 618 2229 Simone
645 2166 681 2229 et
704 2157 907 2251 Berengero
933 2157 1109 2244 iratribus,
1135 2153 1329 2230 Gonewino
1357 2156 1530 2246 sculteto,
1558 2157 1717 2232 cunrado

328 2255 372 2330 tle
412 2255 646 2330 Bulvernhein
683 2267 718 2329 et
757 2255 834 2330 aliis
875 2280 973 2353 quam
1014 2257 1167 2355 pluribus
1206 2255 1349 2334 testibus
1392 2256 1434 2329 ad
1476 2255 1545 2332 hoc
1581 2262 1717 2334 vocatis

327 2367 363 2429 et
387 2360 532 2452 rogatis.

538 2527 675 2615 Sigillum
697 2525 829 2593 Bortoldi
852 2532 987 2612 episcopi
1010 2545 1174 2612 appensum
1190 2528 1304 2591 laesum
1328 2536 1392 2608 est;
1415 2531 1546 2614 sigillum
1568 2529 1715 2594 Woliradt

538 2615 577 2677 de
598 2613 758 2680 Eherstetn
781 2614 932 2697 quondam
956 2631 1118 2697 appensum
1146 2614 1235 2678 modo
1259 2615 1426 2680 abscissum
1449 2623 1505 2680 est.

542 2727 568 2807 ¹)
591 2728 715 2792 Charta:
738 2727 861 2811 „toust

919 3145 1128 3226 cccxcvi

765 3355 856 3424 Anno
881 3352 985 3436 1275„
1007 3353 1060 3422 29.
1082 3354 1269 3420 Novembris.

324 3531 509 3632 Bertoidus
537 3531 721 3639 episcopus
759 3541 1011 3640 herbipolensis
1047 3546 1232 3618 conventui
1274 3509 1473 3618 monasterii
1509 3533 1709 3620 ebracensis

326 3647 446 3726 uendit
468 3655 621 3724 castrum
645 3647 680 3717 in
700 3643 900 3740 spteshetm
924 3668 989 3740 pro
1013 3648 1126 3740 pretio
1162 3653 1299 3716 eentum
1331 3654 1367 3716 et
1398 3646 1586 3737 nonaginta
1610 3667 1708 3720 mar-

876 3768 991 3820 carum
1017 3747 1163 3839 argenti.

451 3915 486 3980 ln
509 3919 629 3983 nomine
652 3917 755 3980 sancte
788 3921 818 3978 et
839 3911 991 3979 indiuidua
1024 3919 1161 3979 trinitatis
1183 3929 1279 3980 amen.
1325 3915 1400 3989 Ouia
1433 3923 1521 4002 gesta
1554 3915 1706 3982 hominum

326 4003 482 4068 ohlimonis
504 4002 593 4068 deuio
615 4003 793 4086 plerumque
815 4001 1007 4084 calumpniari
1031 4008 1080 4062 aut
1102 4007 1220 4084 penitus
1251 4007 1398 4064 immutari
1427 4003 1541 4082 soient,
1576 4021 1706 4070 necmse

327 4095 393 4173 est,
414 4107 451 4156 oa
469 4095 592 4155 metium
611 4095 823 4156 annotactono
845 4095 886 4150 et
915 4091 1013 4150 uiuaci
1046 4087 1209 4154 litterarum
1244 4093 1416 4155 testimonio
1448 4096 1619 4172 peronnart.
1663 4091 1704 4155 liu
