3838 4728
642 391 871 538 episcopans
887 441 1182 540 wirsiburgensis.
1521 447 1590 522 511

213 641 345 717 muniri.
397 639 520 714 Aoum
547 661 636 714 anno
663 639 793 714 domini
817 641 1076 733 1106111111,
1105 643 1254 718 seeundo
1274 647 1595 744 tempestiuum

215 743 361 819 omnium
387 751 593 813 summorum

422 939 604 1021 Appeudeut
623 945 678 1004 tris
701 941 810 1025 nigrim

831 1385 973 1491 cltLvl.

659 1585 748 1650 Auno
774 1583 876 1668 1281,
900 1583 930 1651 3.
950 1585 1139 1654 Novembris.

209 1763 435 1860 limegoldns
461 1771 691 1862 praepositus,
716 1771 881 1868 Albertus
899 1771 1047 1845 decenus
1063 1781 1238 1868 totumque
1255 1773 1434 1870 capitulum
1450 1776 1590 1850 maioris
1618 1855 1622 1864 ,

210 1865 383 1940 eeclesiae
409 1863 662 1962 herbipolensis
690 1871 825 1944 domino
852 1871 1015 1945 lieinrioo
1031 1871 1216 1964 secerdoti,
1243 1876 1415 1972 scriptori,
1442 1881 1476 1944 et
1493 1871 1590 1946 Cun-

209 1964 468 2058 rudusculum,
502 1963 571 2040 lilio
607 1971 765 2044 avunculi
801 1975 852 2046 sui
880 1970 1048 2064 Gunredi,
1086 1971 1164 2046 dicti
1190 1971 1402 2074 liulpritter,
1440 1971 1591 2044 vendunt

209 2064 360 2139 redditus
387 2065 573 2140 molendini
600 2070 688 2171 apud
714 2069 750 2144 S.
776 2071 910 2164 Afrum,
937 2069 1167 2145 molendinum
1195 2071 1281 2172 apud
1311 2075 1437 2146 curium
1465 2071 1591 2146 domini

209 2163 384 2239 dlurrelini
411 2175 445 2238 et
479 2165 629 2243 redditus
667 2170 842 2244 domorum
881 2177 916 2244 in
956 2175 1048 2243 curie
1084 2171 1248 2263 fratrum,
1285 2177 1430 2268 quinque
1465 2175 1590 2266 jugere

349 2268 525 2340 vinearum
552 2271 587 2340 in
612 2283 729 2344 monte
753 2271 902 2346 Lindech
929 2283 963 2344 et
987 2275 1050 2344 trie
1076 2275 1111 2343 in
1136 2271 1455 2368 Rimpurgerstege.

308 2435 352 2507 li.
379 2439 587 2532 prepositus,
614 2437 679 2510 Al.
706 2439 856 2512 decenus
884 2449 1058 2534 totumque
1085 2443 1266 2536 capitulum
1279 2443 1420 2511 maioris
1438 2440 1590 2514 ecclesie

207 2532 473 2631 herbipolensis.
525 2533 648 2608 Notum
684 2537 826 2612 lecimus
861 2542 1033 2612 uniuersis
1067 2551 1249 2634 presentes
1285 2539 1418 2610 littores
1444 2542 1589 2635 inspee-

206 2641 311 2728 tnris‚
343 2635 434 2731 quod
470 2633 620 2708 redditus
647 2638 855 2730 molendini,
893 2639 982 2734 quod
1020 2638 1181 2712 inhahitet
1212 2637 1485 2730 molendinario,
1524 2661 1590 2734 que

204 2737 323 2832 pulcre
349 2745 571 2830 nuncupetur,
598 2737 685 2834 opud
711 2751 862 2820 sonutam
891 2737 1023 2830 Afrum,
1049 2749 1084 2810 et
1112 2739 1342 2812 molendinum
1356 2737 1443 2833 apud
1460 2742 1620 2810 eunium·

207 2835 601 2926 dominimurrelini,
628 2841 784 2911 canonici
801 2837 1140 2912 sanctilohunnis
1165 2839 1378 2931 iniiauge
1407 2849 1441 2910 et
1462 2859 1587 2912 census

207 2938 282 3010 siue
307 2935 458 3009 redditus
483 2935 660 3009 domorum
686 2949 891 3028 nostrorum,
922 2961 1006 3036 quus
1033 2961 1123 3015 nuno
1147 2937 1310 3010 inhahitet
1334 2940 1527 3034 Aspriunns
1553 2943 1588 3010 in

206 3041 300 3110 ouria
325 3047 457 3126 nostra,
482 3057 547 3131 que
572 3037 712 3110 fratrum
740 3037 872 3130 dicitur,
899 3049 933 3110 et
959 3041 1105 3134 quinque
1143 3041 1262 3134 ingere
1289 3041 1488 3124 vinearum
1509 3041 1588 3114 ‚situ

205 3137 240 3215 iu
266 3145 382 3212 munte
407 3136 618 3228 Lindeoln
645 3148 679 3214 et
704 3141 769 3214 tria
794 3141 1121 3234 iugeruvineerum.
1147 3141 1211 3214 sita
1236 3141 1272 3213 iu
1292 3137 1588 3236 Rimpurger-

206 3245 351 3334 stege,
376 3259 444 3332 que
464 3235 564 3312 nobis
588 3259 652 3334 per
677 3250 821 3313 mortem
847 3239 1087 3314 Hermnnni
1112 3239 1191 3315 dieti
1218 3236 1260 3312 de
1285 3237 1589 3331 Bergerhoue

204 3348 430 3425 uocauerunt,
465 3340 540 3413 siue
575 3359 701 3410 necere
736 3349 919 3436 oeperunt,
953 3338 1166 3414 vendidimus
1203 3337 1340 3416 domiuo
1366 3339 1586 3409 Heinrioo

206 3437 389 3528 secerdoti,
415 3439 575 3532 scriptori
601 3449 735 3527 nostum
762 3451 797 3512 et
824 3438 1030 3512 Gvnredo
1059 3439 1206 3528 scolari,
1242 3435 1313 3509 filio
1349 3437 1507 3508 uuunouli
1533 3441 1586 3510 sui

206 3533 399 3610 Gunrudi
424 3536 504 3610 dieti
529 3535 808 3634 Hnlpritter,
846 3539 888 3612 ed
924 3542 1026 3612 uitem
1064 3539 1186 3634 prefati
1214 3535 1406 3609 Gnnrudi
1438 3536 1586 3610 seolmis

203 3655 267 3732 pro
294 3647 428 3712 emtum
454 3647 490 3708 et
516 3639 662 3732 quinque
686 3637 782 3711 libris
808 3638 1024 3730 hullensium,
1049 3661 1135 3734 qenes
1159 3659 1225 3716 nos
1252 3633 1452 3709 eonfitemur
1476 3657 1586 3712 reee-

204 3739 300 3831 pisse
325 3741 361 3810 in
384 3739 528 3834 pecunie
553 3747 751 3830 numeratu,
783 3747 818 3810 et
849 3742 886 3814 in
920 3761 1006 3814 rsus
1033 3737 1184 3814 eoelesie
1208 3745 1329 3812 nostre
1354 3739 1585 3827 conuertisse,

204 3841 445 3912 memnones
471 3839 670 3934 exceptioni
695 3859 766 3910 non
791 3849 970 3912 numer-nte
994 3841 1140 3936 pecunie
1166 3845 1202 3910 et
1216 3858 1286 3909 non
1308 3835 1435 3928 soluts,
1461 3837 1585 3909 notioni

205 3947 241 4010 st
266 3941 358 4017 omui
382 3938 510 4011 anxilio
536 3939 620 4010 ieris
645 3940 801 4010 omonioi
835 3949 870 4012 et
894 3938 1028 4030 ciuilis,
1062 3959 1125 4035 per
1152 3935 1242 4032 quod
1265 3939 1377 4015 inseri
1400 3957 1466 4011 nos
1493 3957 1584 4032 pos-
1677 4030 1678 4040 Ν

206 4057 322 4114 umus
346 4047 384 4111 et
409 4036 487 4110 dieti
513 4037 761 4112 Heinrious
787 4048 823 4112 et
849 4037 1073 4112 Gunrudus
1101 4038 1221 4111 elerici
1248 4039 1386 4133 moueri
1412 4039 1487 4111 siue
1514 4034 1584 4110 ledi
