3768 4728
689 367 907 464 episcopatus
932 361 1224 459 wirziburgensis.
1574 363 1645 438 307

264 562 362 634 titulo
396 561 560 636 iaciemus
594 587 613 634 a
648 573 767 634 nostra
794 563 945 636 ecclesia
971 561 1082 634 aliena
1109 584 1150 632 ac
1175 565 1209 634 in
1236 585 1301 653 eo,
1338 561 1428 657 quod
1453 563 1566 637 nullus
1594 568 1645 638 eis

264 663 430 734 scultetus
457 661 665 760 prebgatur,
694 665 760 734 nisi
786 685 884 758 quem
912 665 1000 734 inter
1026 685 1066 734 se
1092 660 1134 733 de
1159 661 1335 735 uoluntate
1354 673 1473 736 nostra
1499 675 1535 735 et
1559 686 1646 738 sue-

141 819 151 833 .
264 783 445 836 cessorem
471 775 665 836 nostrorum
693 762 851 835 duxerint
877 761 1070 856 eligendum
1098 765 1191 834 etin
1219 761 1391 852 omnibus,
1426 785 1493 857 que
1527 786 1646 838 eorum

265 867 451 958 respiciunt
487 861 700 936 commodum
738 866 866 957 pariter
903 873 939 934 et
976 861 1176 957 proiectum.
1234 863 1279 936 Et
1313 873 1349 934 ut
1383 861 1450 933 hec
1489 864 1645 938 omnibus

266 962 463 1035 elucescant
488 973 522 1034 ot
548 967 600 1036 eis
627 985 668 1033 ac
693 965 884 1057 posteritati
911 983 1030 1034 eorum
1066 961 1131 1032 hee
1155 965 1325 1058 premissa
1351 965 1461 1054 gratia
1497 965 1644 1038 anobis

268 1071 300 1133 et
325 1087 343 1134 c
370 1062 630 1135 suecessoribus
656 1065 784 1134 nostris
810 1060 1053 1134 inuiolabiliter
1078 1059 1294 1151 obseruetur,
1320 1081 1464 1156 presens
1483 1067 1644 1158 scriptum

267 1167 477 1234 uniuersitati
504 1185 623 1234 eorum
650 1162 872 1252 indulsimus,
912 1161 1104 1254 sigillorum
1141 1165 1251 1233 nostri
1287 1171 1321 1232 et
1361 1161 1496 1256 capituli
1534 1167 1644 1235 nostri

268 1266 446 1334 munimine
473 1262 678 1335 roboratum.
731 1262 875 1334 Testes:
902 1262 1115 1334 hermannus
1142 1262 1291 1334 decanus
1325 1266 1407 1334 noui
1433 1266 1645 1353 monasterii,

268 1361 344 1436 Otto
371 1362 413 1434 de
437 1361 682 1456 Heldorungen
710 1365 894 1435 canonicus
932 1361 1207 1460 herbipolensis,
1244 1362 1350 1432 irater
1387 1358 1560 1433 Cinradus
1600 1361 1643 1434 de

266 1461 406 1533 bachelt
433 1461 688 1534 commendator
714 1461 834 1533 domus
861 1460 1039 1556 hospitalis
1066 1465 1175 1533 sancti
1201 1459 1365 1533 Jobannis
1393 1463 1425 1533 in
1452 1460 1643 1556 Herbipoli,

268 1561 498 1634 Vnarmundns
525 1563 567 1634 de
592 1561 728 1648 Erlaeh,
756 1561 923 1634 Rudolins
949 1561 992 1632 de
1018 1560 1232 1648 Hobenuelt,
1267 1559 1346 1633 Otto
1372 1559 1414 1632 de
1440 1561 1643 1656 Espcnvelt,

266 1660 342 1734 Otto
369 1661 585 1750 Vollcslreln,
611 1661 791 1734 Heinrious
825 1673 860 1734 et
886 1659 1121 1734 Theodericus
1145 1661 1271 1733 fratres
1297 1659 1340 1732 de
1367 1662 1542 1750 Sturmer,
1567 1659 1642 1734 Ebo

266 1759 306 1834 de
332 1761 543 1850 Crazzestat,
571 1755 748 1834 Gimradus
775 1761 818 1834 de
843 1760 999 1850 Vsleibc,
1027 1759 1204 1833 Cvnrsdus
1232 1759 1274 1833 de
1293 1760 1431 1849 Linacb,
1457 1760 1642 1856 Linpoldus

266 1861 305 1932 de
332 1861 625 1950 Burebarderode,
649 1861 770 1934 Herolt
796 1861 884 1934 tilius
911 1859 1092 1950 Vollmnri,
1117 1860 1249 1934 Albero
1276 1859 1439 1948 Tetcber,
1467 1856 1642 1932 Cinradus

264 1961 426 2034 scultetos
453 1963 495 2034 de
521 1963 704 2050 Arnstein,
735 1960 920 2034 Nicholaus
947 1964 1112 2055 magister
1138 1965 1305 2056 coquine,
1337 1961 1472 2054 lringus
1498 1961 1642 2052 Paruus,

266 2061 411 2158 syboto,
437 2061 567 2134 Albero
595 2062 718 2148 Crono,
743 2061 1136 2157 Vuultcrusprepositus
1153 2081 1260 2156 prope
1278 2063 1491 2150 cimiterium,
1517 2059 1639 2132 Rude-

265 2183 368 2252 gerus
396 2161 438 2232 de
454 2161 598 2246 Rieden,
624 2161 787 2254 Rudeger
802 2165 1033 2254 sempronius,
1059 2160 1273 2247 Alexander,
1295 2159 1501 2247 Reinhcrus,
1524 2159 1639 2232 Rern-

265 2283 382 2354 gerus,
408 2257 548 2352 Cinrat,
574 2261 707 2356 lringus
734 2261 792 2332 tilii
820 2259 1018 2356 Sluntpuch,
1044 2259 1247 2332 ludewicus
1264 2259 1380 2346 Celer,
1408 2255 1535 2330 (liniat
1551 2258 1640 2332 tilius

263 2359 427 2452 Richeze,
452 2361 571 2460 Poppo
597 2359 770 2450 Herbeth,
797 2356 974 2434 Oinradns
1001 2357 1088 2431 lilius
1115 2382 1220 2446 suus,
1259 2357 1390 2429 Athene
1418 2357 1505 2429 tilius
1534 2359 1640 2430 lltrn-

263 2457 379 2554 burgis
407 2471 442 2532 et
467 2461 523 2555 ciij
552 2461 790 2556 quamplures.
831 2461 955 2532 Actum
972 2481 1060 2531 anno
1075 2458 1243 2530 dominice
1255 2457 1314 2528 ΜΟ·
1339 2456 1419 2528 00⁰·
1444 2457 1501 2528 XL
1520 2461 1641 2549 tercio,

263 2561 296 2634 in
321 2585 442 2636 mense
467 2561 640 2656 Augusto,
665 2560 850 2632 indictione
875 2557 932 2651 lt,
957 2562 1174 2656 episcopatus
1200 2559 1309 2628 nostri
1336 2575 1424 2628 anno
1450 2554 1588 2628 xvtlto-

474 2687 577 2772 Sigttla
599 2687 761 2750 Hermnnnt
784 2691 918 2768 episcopt
950 2705 986 2749 ue
1017 2683 1136 2768 capitult
1164 2689 1285 2748 matorts
1314 2683 1464 2748 ecelesiae
1495 2680 1641 2764 herbipo-

471 2773 563 2836 lensis
586 2771 764 2856 appendent.

719 3131 724 3140 .
842 3025 1050 3100 CCLXXVI.

598 3199 686 3263 Anno
713 3193 820 3278 1243,
847 3191 894 3261 10.
919 3195 1120 3280 Septembris,
1141 3196 1303 3282 llerbtpolt.

261 3367 475 3442 llermannus
502 3369 756 3465 herbipolensis
784 3371 967 3466 episcopus
994 3371 1069 3440 viro
1097 3368 1203 3440 nobili
1220 3367 1368 3440 Alberto
1395 3365 1438 3439 da
1465 3368 1642 3464 Trimperc

259 3465 341 3540 loco
368 3469 615 3561 assignatarum
653 3469 869 3542 ducentarum
906 3490 1093 3540 marcarum
1132 3472 1265 3561 argenti
1300 3467 1434 3540 conlert
1472 3467 1562 3542 bona
1595 3492 1642 3542 ex

262 3578 372 3640 morto
398 3570 523 3642 nobilis
551 3573 616 3640 viri
641 3569 777 3642 Alberti
803 3569 846 3640 de
870 3567 1063 3640 Retenvels
1090 3571 1267 3657 vacantia,
1294 3567 1508 3641 medietatem
1535 3569 1640 3642 vide-

662 3669 743 3740 licet
767 3667 968 3741 advocatiae
995 3671 1028 3739 in
1056 3666 1227 3740 Sluteren.

388 3801 422 3865 ll.
447 3802 495 3865 del
518 3807 619 3886 gracia
642 3801 863 3882 herbipolensis
886 3807 1057 3883 episeopus.
1100 3799 1247 3864 Noluerint
1268 3805 1400 3863 uniuersi
1422 3795 1510 3862 burins
1529 3803 1641 3882 pagine

260 3893 467 3968 inspectores,
490 3890 570 3970 quod
593 3907 647 3950 nos
670 3893 819 3970 intuentes
843 3887 1003 3968 obsequia,
1027 3903 1086 3968 que
1110 3885 1365 3948 dtleetns‘noster
1386 3885 1579 3949 hibertus
1601 3884 1640 3946 da

236 3971 457 4055 ''irimpere
490 3978 534 4036 vir
569 3973 676 4036 nobilis
708 3973 792 4036 nobis
827 3991 894 4036 cum
917 3977 1052 4035 exercitu
1085 3989 1192 4036 versus
1214 3969 1372 4033 Futdam
1394 3971 1431 4035 ad
1453 3969 1640 4034 ulciscendas

1234 4055 1309 4130 39*
