3776 4730
609 481 831 576 episcopatus
855 478 1148 575 wirsibcrgeusis.
1497 477 1571 551 cot

187 671 376 747 astianum
402 675 554 772 preibtns
580 676 827 752 lleiuricus
855 679 897 752 tle
924 677 1195 772 Wlilingen,
1221 681 1461 750 inrestaurata
1490 675 1575 750 alieti

186 773 295 844 mensi
321 775 355 846 in
382 775 643 868 Westlteim,
669 801 688 850 a
713 783 843 854 nostris
870 783 1001 875 recepit
1021 779 1174 852 menibus
1189 779 1327 850 nomine
1340 775 1433 848 leodi
1447 782 1568 879 possi-

185 869 339 946 leudam.
399 877 436 948 ln
473 881 570 952 cuius
610 879 766 974 equidem
807 883 1073 976 permutaciouis
1108 901 1171 952 seu
1210 887 1331 950 nostre
1367 877 1569 950 colluvionis

185 975 414 1048 testimonium
441 978 657 1071 presentibus
674 980 796 1052 litteris
818 981 969 1074 sigilium
985 989 1140 1054 nostrum
1153 977 1310 1050 duximus
1323 977 1569 1072 opponendum.

184 1071 308 1146 lictum
331 1073 523 1172 Herbipoli,
550 1101 639 1152 enno
666 1079 958 1154 dominill⁰·GC⁰·
975 1079 1091 1154 LXX0·
1105 1101 1211 1170 nono,
1240 1078 1295 1150 Vl.
1313 1077 1390 1150 idus
1406 1079 1570 1170 Augusti,

126 1177 133 1184 '
184 1168 397 1266 pontificatus
423 1182 534 1252 nostri
558 1201 646 1252 anno
674 1183 802 1274 quinto.

394 1375 529 1460 Sipottum
553 1379 684 1444 bertoldi
708 1385 841 1464 episcopi
867 1381 1026 1463 appendet.

768 1823 983 1900 GDXXXllI.

643 2025 732 2092 Anno
758 2021 860 2107 1279,
886 2019 933 2089 11.
956 2023 1095 2110 Augusti.

185 2205 388 2282 tentatum
416 2211 667 2310 herbipolensis
695 2215 879 2310 episcopus
905 2215 1112 2300 societates,
1140 2235 1286 2308 corpora
1313 2213 1389 2284 sive
1416 2207 1567 2302 collegis

185 2309 333 2382 civitatis
359 2311 634 2410 herbipolensis,
660 2335 747 2407 quse
772 2313 964 2406 vulgariter
990 2311 1139 2408 zttmpite
1165 2319 1417 2408 nuncupentur,
1448 2309 1566 2380 illicita

183 2413 396 2502 pronunciet,
423 2435 531 2510 eaque
559 2414 600 2485 de
627 2435 801 2485 consensu
829 2423 863 2483 et
888 2413 1066 2485 voluntate
1082 2411 1219 2508 capituli
1246 2411 1338 2482 tollit
1362 2415 1574 2496 etrevocat,

184 2511 229 2579 ita
255 2519 380 2602 tumen,
408 2511 497 2608 quoti
524 2513 664 2586 eiectus
691 2511 789 2584 huius
814 2515 1049 2585 revocationis
1075 2530 1184 2612 usque
1211 2510 1253 2582 cd
1278 2511 1403 2582 lemtim
1428 2507 1459 2610 b.
1484 2509 1565 2580 An-

322 2613 427 2684 dreae
455 2614 603 2710 apostoli
629 2615 787 2710 proxime
812 2621 993 2685 venturum
1019 2621 1154 2686 maneat
1179 2613 1211 2684 in
1238 2631 1421 2706 suspenso.
1464 2619 1470 2631 '

282 2781 355 2856 Nos
380 2783 660 2860 Bertholdus
686 2783 742 2857 tiei
768 2786 878 2879 gretia
902 2783 1157 2880 herbipolensis
1196 2781 1349 2856 ecclesie
1369 2782 1567 2878 spiscopus

184 2889 305 2954 tenore
332 2889 541 2980 presentium
581 2889 865 2980 recognoscimus
899 2895 935 2958 et
973 2885 1016 2958 etl
1049 2883 1263 2978 singulorum
1300 2881 1462 2954 noticiam
1498 2889 1568 2951 tam

183 2989 393 3077 presentium
420 3009 518 3080 quam
544 2987 733 3060 futurorum
767 2983 926 3060 uolumus
950 2988 1158 3082 peruenire,
1197 2981 1287 3079 quotl
1326 3003 1403 3054 eum
1435 2980 1568 3054 clamor

183 3082 317 3156 rabbus
345 3097 464 3158 contra
489 3091 689 3176 societates,
715 3109 863 3183 corpora
888 3089 964 3162 siue
991 3086 1142 3181 collegia
1167 3085 1312 3156 ciuitatis
1338 3092 1459 3156 nostre
1477 3081 1578 3154 ber-'

183 3182 386 3279 bipolensis,
413 3209 478 3281 que
505 3188 684 3281 wlgariter
710 3187 909 3284 cumpite
933 3197 1189 3284 nuncupantur,
1229 3205 1277 3257 ax
1308 3193 1405 3281 purte
1441 3182 1564 3278 prelu-

184 3294 310 3376 torum,
335 3287 421 3358 cleri
445 3299 479 3360 et
504 3289 622 3384 populi
647 3290 792 3362 ciuitatis
819 3287 973 3361 eiusdem
999 3286 1042 3360 erl
1067 3309 1168 3360 aures
1181 3295 1320 3358 nostrus
1335 3283 1565 3378 exirequen-

184 3384 272 3458 ttbus
298 3387 451 3482 querelis
475 3393 706 3485 peruenisset,
729 3410 836 3485 super
861 3408 906 3462 ea
931 3387 1116 3480 videlieet,
1153 3385 1245 3482 quod
1275 3404 1339 3481 per
1364 3386 1573 3471 societates,¹

185 3507 355 3581 corpora,
395 3491 470 3562 siue
505 3489 655 3582 collegm
679 3489 832 3586 predicto
864 3511 935 3561 non
961 3488 1074 3564 solum
1099 3487 1260 3574 clarius,
1300 3486 1399 3560 luicis
1434 3491 1470 3556 et
1500 3487 1565 3572 toti

185 3587 325 3681 populo,
350 3610 469 3660 vorum
497 3593 598 3662 etiam
624 3589 796 3680 diuitibus,
820 3588 1026 3685 pauperibus
1062 3597 1098 3661 et
1131 3586 1288 3662 omnibus
1323 3585 1449 3659 dictam'
1472 3584 1573 3656 ciui·.

186 3695 288 3758 tutem
315 3698 468 3760 nostram
494 3689 811 3785 frequentantibus,
849 3687 1045 3788 dispendis,
1080 3685 1262 3762 incomoda
1296 3697 1334 3758 et
1367 3685 1565 3780 graucmirm

184 3798 404 3878 generantur,
429 3793 612 3884 presertim
640 3813 715 3863 cum
742 3789 863 3863 ecdem
889 3793 1097 3881 societates,
1129 3810 1277 3886 corpora
1311 3789 1388 3860 ciue
1414 3781 1565 3878 collegia

183 3884 217 3958 id
243 3885 411 3978 efficient,
448 3913 492 3962 ue
518 3913 632 3962 rerum
660 3893 859 3965 commertia
883 3894 919 3963 iu
944 3889 1096 3989 puetlictu
1128 3899 1248 3964 nostra
1283 3888 1420 3962 ciuitate
1453 3885 1565 3958 libere

183 3985 328 4061 ualeant.
348 3994 507 4064 exerceri
533 4001 569 4062 ct
593 4001 734 4088 propter
759 3989 955 4088 dispendia,
986 3989 1170 4066 incomoda
1194 3999 1229 4062 ct
1254 3988 1451 4083 precamine
1476 4008 1563 4084 pre-

183 4085 346 4162 dictarum
371 4093 574 4168 societatum
600 4091 736 4189 prelati,
761 4092 907 4191 capitula
931 4102 968 4168 ct
992 4091 1107 4184 clerus
1134 4093 1279 4265 cipptqtis
1299 4085 1451 4188 predicte
1477 4107 1563 4164 oes-
