3794 4722
557 460 776 558 episeopatus
799 432 1113 558 wtmtnrgenstsj
1448 463 1518 540 109

21 621 23 660 ὲ
151 629 362 758 huquwdus
377 657 589 758 Autumpnus
615 667 650 732 st
674 659 744 732 lilii
759 662 811 736 sui
822 659 1029 755 liudegerus
1045 673 1081 736 et
1093 655 1285 754 (innodas,
1309 662 1521 738 tenelerias

21 777 22 842 l
154 771 186 833 at
208 761 312 834 trans
337 781 421 880 snus
445 759 662 856 liudegerus,
687 763 1125 881 Dietnranustlalibarlus‚
1150 762 1375 858 manegoldus
1402 777 1437 837 et
1462 767 1521 838 alii

152 862 434 1056 Wflmdwdinirt
458 960 522 1052 ise
546 983 636 1034 anno
662 961 829 1053 dominice
851 891 1097 1035 incarnationis
1122 961 1182 1036 lit·
1195 897 1519 1055 tto-inmitte,

149 1059 327 1135 tenetisne
350 1059 461 1150 iilis,
497 1073 664 1156 regnante
685 1061 866 1134 Friderieo
900 1064 1158 1158 gloriosissimo
1184 1061 1415 1138 Romanorum
1448 1069 1522 1136 iro-¹

148 1172 304 1257 peratore
341 1171 378 1233 et
411 1181 547 1256 semper
573 1171 743 1256 augusto,
782 1161 1014 1256 ngsnlrardo
1051 1161 1343 1259 wirseburgensis
1367 1164 1520 1257 eoelssip-
1630 1161 1632 1171 ’

149 1264 309 1360 episeopo
337 1259 522 1352 existente,
547 1263 711 1360 Bappons
737 1265 873 1336 eonius.

352 1461 488 1546 Sigillum
510 1459 631 1546 eattegn
652 1465 746 1530 saneti
762 1459 867 1526 Killant
889 1461 928 1525 de
950 1459 1038 1528 tone
1059 1467 1239 1546 impressum
1260 1456 1354 1526 adest

762 1890 896 1969 om.

727 2095 815 2160 Anno
840 2090 930 2159 1180.

145 2281 391 2378 degenhardus
409 2279 703 2374 wirceburgensis
730 2279 903 2356 ecelesiae
929 2279 1146 2376 dispensator
1171 2289 1286 2352 noturn
1313 2278 1404 2372 iacit,
1431 2281 1519 2376 qnod

145 2383 293 2456 Wszelo
330 2385 515 2454 canonieus
547 2382 704 2476 Bopponi
737 2383 852 2453 conniti
887 2379 929 2452 de
961 2377 1213 2455 Hennenberch
1250 2389 1284 2450 et
1315 2379 1438 2452 Botoni
1478 2379 1520 2450 da

145 2483 232 2557 Foro
253 2505 318 2581 pro
345 2480 496 2554 cedenda
523 2479 702 2552 advocatia
728 2479 894 2554 debonis
921 2481 953 2550 in
981 2477 1146 2552 Sulndori
1168 2477 1392 2552 confratribus
1420 2481 1519 2551 eius-³

451 2579 527 2654 dem
554 2585 795 2678 quinquaginta
820 2577 925 2651 libras
952 2582 1085 2674 argenti
1111 2577 1210 2651 dedit.

241 2752 283 2827 0.
328 2750 365 2828 in
399 2755 538 2828 nonina
571 2763 687 2844 sancte
714 2763 758 2825 et.
774 2751 942 2842 indiuiduo
973 2753 1143 2824 trinitatis.
1196 2749 1520 2845 Regenhardus

146 2853 438 2950 wirseburgensis
467 2853 616 2946 enclesis
641 2850 787 2926 humilis
804 2852 1034 2948 dispensator,
1061 2873 1106 2924 ex
1131 2851 1198 2926 hoe
1217 2872 1307 2924 nunc
1320 2862 1355 2925 et
1370 2855 1402 2923 in
1419 2873 1521 2924 unnna

147 2960 278 3052 tenpus
319 2957 449 3028 emotis
482 2957 517 3026 in
543 2953 680 3026 Christo
707 2951 933 3026 credentibus.
985 2954 1117 3040 Quanto
1155 2952 1310 3048 ampliori
1341 2961 1376 3024 et
1407 2949 1522 3026 uehe-

148 3057 305 3129 mentiori
330 3058 570 3151 inportunitate
596 3052 803 3149 quorundam
840 3051 1011 3125 hominum
1037 3063 1072 3124 et
1096 3056 1258 3149 precipue
1281 3051 1521 3125 aduocatorum

148 3157 524 3249 grassatnrteneritas‚
548 3163 584 3226 ut
608 3176 666 3234 res
693 3153 948 3228 aeclesiasticas
974 3163 1043 3225 tum
1068 3157 1102 3224 ni
1118 3163 1187 3225 tuns
1211 3152 1329 3225 iruude
1354 3152 1521 3246 diripient,

147 3266 238 3330 tanto
264 3259 378 3351 utique
405 3255 622 3351 propensiori
650 3253 823 3348 diligentia
857 3264 893 3326 et
926 3251 1158 3326 abundantiori
1191 3253 1381 3349 ea[ntione]
1416 3261 1520 3324 nten-

21 3445 22 3450 ,
149 3356 221 3428 dnm
241 3365 305 3430 est.
347 3355 455 3430 Huius
481 3359 595 3450 itaque
621 3356 838 3429 necessitatis
865 3357 983 3426 intuitu
1003 3353 1191 3426 Weuelo
1218 3353 1260 3425 ds
1285 3353 1386 3426 tono
1412 3355 1520 3425 saneti

148 3457 284 3553 Kyliani
323 3459 508 3528 eanonicus
542 3453 579 3527 L.
613 3453 718 3526 libras
755 3457 889 3548 argenti
922 3455 1041 3549 parlim
1079 3453 1209 3526 urbano
1249 3455 1363 3525 uorniti
1387 3461 1521 3542 nostro,

148 3557 356 3652 Bapponi
382 3554 544 3628 uidelicet
570 3554 612 3626 de
637 3553 979 3644 persenserat,
1005 3557 1124 3650 partim
1149 3554 1313 3626 Botoni
1339 3551 1388 3624 de
1407 3549 1520 3626 Foro

148 3655 326 3751 persoluit‚
342 3665 378 3726 ul
397 3655 606 3734 sduoeatinrn
625 3654 791 3728 bonorum
807 3659 842 3727 in
856 3651 988 3726 Sulud
1000 3654 1086 3743 ori,
1112 3677 1174 3748 que
1188 3652 1358 3750 prediatus
1371 3651 1520 3724 Weuelo

149 3779 209 3852 pro
224 3766 320 3828 certo
335 3777 468 3830 esnone
493 3759 630 3827 nornine
655 3755 801 3846 ecclesie
827 3753 975 3844 tenebat,
1000 3757 1035 3826 in
1061 3775 1178 3826 manus
1204 3763 1339 3826 nostras
1356 3755 1520 3847 resigna-

150 3867 225 3930 rent
258 3867 294 3927 et
325 3855 485 3930 iratribus
519 3858 571 3926 ius
607 3853 781 3946 aduocatis
815 3857 849 3926 in
882 3860 1051 3947 integrum
1085 3878 1104 3926 a
1134 3853 1234 3926 nobis
1268 3851 1410 3924 concedi
1434 3875 1520 3949 per·
1648 3883 1651 3896 ·

150 3959 332 4044 mitterent,
356 3954 421 4028 hae
445 3954 606 4028 uidelicet
624 3955 829 4044 conditione,
855 3967 891 4027 nt
908 3959 1095 4050 quicunqne
1109 3954 1249 4026 fratrum
1265 3952 1520 4050 sanetiKpliani

149 4055 377 4156 predictorum
402 4055 568 4130 bonorum
594 4059 627 4130 in
653 4067 828 4153 posterum
853 4075 1040 4153 possessor
1063 4058 1242 4148 existeret,
1267 4055 1435 4129 omneius
1453 4054 1519 4128 ad-
