3774 4728
337 439 409 530 tou
925 457 1143 535 llenumenta

334 657 494 734 labantur
519 663 554 733 in
583 659 813 752 obliuionem,
847 659 945 736 dictis
980 653 1116 734 testium
1155 669 1190 734 et
1228 660 1345 760 scripti
1384 663 1477 733 serie
1515 657 1717 754 ungerem

339 757 557 834 roborentur.
610 759 660 836 lla
695 766 835 861 prepter
874 785 943 857 ego
981 761 1232 854 Cunradns,
1273 760 1441 857 quondam
1479 757 1646 857 plebanus
1685 761 1719 832 in

334 857 599 951 unescere,
626 871 748 935 tenore
772 867 989 960 presencium
1017 862 1151 959 publice
1176 881 1401 958 recognosco
1425 871 1462 933 et·
1484 869 1661 958 protestor
1679 879 1720 932 aa

337 972 499 1035 constare
514 965 613 1060 cupio
629 965 803 1038 uniuersis
817 961 942 1037 Christi
957 962 1126 1055 fidelibus,
1151 973 1217 1037 tam
1234 956 1450 1062 presentibus
1472 980 1569 1062 quam
1582 959 1720 1050 itteris

334 1068 533 1160 presentem
558 1063 717 1160 peginam
741 1063 960 1160 inspecturis
986 1063 1096 1160 qnod,
1122 1083 1196 1137 earn
1223 1071 1569 1162 procuratoressem
1595 1061 1719 1158 bospi-

334 1162 415 1238 talls
442 1165 477 1235 ei
503 1161 623 1237 domus
651 1165 760 1238 sancti
787 1163 991 1237 Theoderici
1018 1164 1290 1262 herbipolensis,
1325 1163 1402 1237 dedi
1436 1173 1472 1235 et
1502 1159 1621 1235 tradidi
1647 1171 1719 1234 tres

336 1262 458 1341 domos
485 1273 521 1336 et
546 1285 661 1337 aream
687 1283 802 1355 unam
829 1287 894 1361 qne
920 1269 984 1338 sita
1000 1270 1187 1360 suntjuxta
1202 1263 1340 1339 domma
1356 1260 1719 1352 Welendillebri,

336 1387 419 1460 quas
446 1367 481 1436 in
508 1367 696 1464 empciohis
730 1365 827 1438 titulo
867 1367 932 1438 rite
958 1375 993 1438 et
1018 1365 1273 1440 racionabiliter
1299 1367 1506 1466 compescui,
1541 1382 1607 1459 qne
1638 1361 1719 1436 mibi

331 1469 410 1560 jure
438 1466 657 1562 proprietatis
684 1463 794 1538 libere
820 1466 1025 1558 attinebant,
1052 1469 1118 1559 ita,
1156 1467 1245 1564 quod
1270 1475 1438 1564 perpetuo
1460 1466 1627 1538 mentoris
1652 1466 1720 1536 mei

334 1563 459 1638 ibidem
483 1563 648 1639 habeatur
670 1577 705 1638 ct
731 1565 821 1662 quod
846 1586 942 1640 mens
969 1569 1223 1644 anniuersarius
1250 1571 1347 1641 annis
1380 1565 1527 1661 singuiis
1554 1564 1719 1636 Menios

336 1664 541 1738 celebretur.
593 1665 769 1740 Predictas
795 1685 882 1740 vero
910 1667 1032 1742 domos
1060 1680 1236 1741 stoream
1262 1677 1500 1765 postmortem
1518 1663 1720 1738 mambote

335 1772 369 1838 et
396 1765 515 1838 tradidi
542 1765 584 1837 ad
610 1767 745 1840 domum
772 1777 806 1840 et
839 1767 880 1840 ad
904 1767 1075 1865 hospitale
1100 1779 1344 1859 memoratum,
1378 1777 1417 1841 vt
1452 1770 1487 1840 ln
1519 1775 1720 1863 perpetuum

335 1865 397 1939 snb
425 1869 497 1938 'ure
523 1869 741 1963 proprietatis
766 1866 877 1941 libere
901 1869 1121 1966 possiderent
1147 1880 1181 1943 ot
1205 1873 1320 1966 quiem
1346 1875 1382 1942 et
1406 1867 1628 1964 quodnnllus
1642 1885 1720 1938 cum

333 1965 417 2064 pred
432 1967 495 2040 otis
522 1966 676 2042 domibus
702 1967 879 2068 quddqnam
906 1969 1090 2066 disponere
1102 1970 1244 2043 haberet
1270 1971 1328 2042 vel
1349 1979 1510 2056 tractare,
1529 1970 1721 2064 satpoa'ns

332 2065 474 2164 paciileu
499 2071 727 2164 possessione
753 2069 906 2164 gaudere
932 2069 1057 2143 debent
1095 2079 1129 2143 et
1155 2075 1279 2166 quieta.
1331 2071 1374 2142 llt
1405 2081 1445 2142 vt
1480 2070 1545 2142 trec
1570 2067 1721 2141 donacio

333 2171 406 2239 rata
431 2178 628 2264 permaneat
655 2177 690 2241 et
715 2167 821 2261 robur
846 2169 969 2243 habeat
995 2169 1174 2262 firmitatis,
1200 2175 1233 2244 in
1252 2170 1404 2246 eiusdem
1420 2173 1471 2243 rei
1485 2169 1720 2243 testimonium

333 2286 479 2366 presens
507 2267 619 2341 littera
654 2269 771 2364 sigillo
806 2269 1017 2344 venerabilis
1044 2274 1150 2370 patris
1177 2293 1220 2344 ac
1244 2272 1371 2345 domini
1407 2272 1525 2365 l'ringi
1555 2271 1718 2366 episcopi

332 2365 584 2466 herbipolensis
612 2365 808 2464 diligentius
835 2379 890 2444 est
915 2371 1087 2446 roborata.
1139 2372 1266 2446 Testes
1292 2371 1390 2444 huius
1417 2375 1467 2446 rei
1485 2379 1581 2444 sunt:
1608 2364 1719 2442 Wal-

334 2489 441 2542 cunus
468 2467 647 2562 sacerdos,
672 2472 779 2544 irater
802 2471 999 2547 lhidericus
1028 2473 1071 2546 de
1096 2471 1324 2564 llenninheht‚
1351 2471 1457 2546 irater
1484 2469 1720 2568 lluplrirlinus‚

329 2565 439 2642 hatcr
463 2569 631 2644 henricus
659 2571 701 2643 de
727 2569 954 2667 Spicinberg‚
992 2572 1168 2647 cunradus
1194 2572 1360 2670 plebanus
1385 2576 1525 2646 maioris
1551 2569 1719 2662 ecclesie,

328 2667 499 2743 hienricus
526 2670 568 2744 ds
595 2682 716 2745 sancto
743 2673 892 2763 (leeris,
926 2671 1129 2746 lodewicus
1164 2673 1206 2746 de
1232 2673 1448 2771 liabinspuro
1472 2684 1507 2746 et
1533 2671 1590 2744 alii
1617 2691 1719 2768 qoam

332 2770 461 2866 plnres.
513 2771 602 2844 Acts
630 2780 708 2847 sont
730 2771 796 2844 lieo
821 2793 910 2847 nano
938 2774 1064 2848 domini
1090 2769 1307 2867 lthOLXll.‚
1341 2775 1427 2848 ierio
1461 2771 1611 2850 ressuth
1638 2782 1720 2871 post

334 2869 536 2949 dominicam
562 2877 800 2948 reminiscere.

544 3070 679 3156 Sigillum
700 3071 790 3159 lringt
813 3077 946 3157 episcopi
969 3073 1128 3157 appendet.
