3774 4728
318 424 397 546 (104
742 527 746 536 ,
865 503 868 510 .
899 421 1117 531 Monumenlu
1230 467 1233 474 ·

327 648 591 720 stotensem
619 658 755 738 semper
782 635 823 710 ab
850 642 989 734 antiquo
1016 645 1265 735 spectasse-et
1296 657 1363 710 nco
1400 633 1442 709 od
1473 655 1539 710 nos
1575 648 1642 708 nec
1671 613 1714 702 ud

327 734 476 842 aliquem
502 759 745 828 successorum
771 749 970 814 nostrorum
984 737 1069 812 illud
1086 740 1298 835 aliquatenus
1310 739 1496 834 pertinere,
1523 734 1586 810 sed
1602 731 1713 810 solum

321 863 394 944 ¹nos
419 835 544 912 ibidem
570 836 699 910 habere
727 843 779 912 ins
795 837 910 912 iudicii
936 839 1114 912 secularis.
1168 839 1383 936 Quapropter
1394 859 1458 934 per
1471 835 1562 910 hune
1578 831 1714 908 modum

322 937 689 1136 tttllldlllff
725 937 1525 1137 :llll‘leitilsllllllllllllllJ
1543 933 1716 1112 llll

328 1155 364 1216 et
391 1142 575 1214 conuentui
601 1138 644 1212 de
671 1139 927 1236 (leliportu,
954 1139 997 1212 ud
1021 1163 1105 1234 quos
1131 1139 1221 1212 idem
1246 1143 1299 1214 ius
1328 1163 1401 1212 cum
1428 1138 1529 1212 bonis
1544 1141 1630 1234 ipsis
1654 1157 1717 1232 per

329 1245 537 1340 emptionem
560 1249 750 1336 protectam
776 1243 944 1328 transiuit,
970 1239 1169 1335 reliquimus
1180 1240 1370 1318 liberaliter
1382 1262 1458 1314 cum
1469 1240 1568 1313 bonis
1585 1237 1716 1312 eisdem

328 1351 496 1442 perpetuo
523 1338 787 1435 possidendum,
823 1350 1121 1434 recognoscentes
1157 1350 1192 1412 ct
1225 1340 1444 1436 presentibus
1470 1347 1717 1436 protestantes,

331 1440 422 1538 quod
446 1439 551 1512 nichil
577 1442 661 1514 iuris
688 1438 813 1512 ibidem
838 1438 1025 1530 habemus,
1057 1443 1125 1516 nisi
1152 1440 1242 1536 quod
1274 1463 1378 1536 super
1402 1439 1501 1513 frutis
1530 1449 1565 1510 et
1589 1439 1717 1534 rapinis

331 1542 476 1637 aliisque
502 1539 680 1612 forefactis
708 1537 750 1611 od
777 1540 946 1616 secularis
969 1540 1088 1633 judicii
1112 1539 1224 1612 forum
1252 1550 1394 1636 spectet
1449 1539 1576 1612 Testes
1601 1547 1715 1610 autem

329 1645 521 1742 prescripto
548 1638 766 1714 diffinicionis
793 1651 828 1714 et
854 1640 1092 1738 expedicionis
1119 1639 1218 1714 huius
1244 1644 1384 1734 negocii
1410 1649 1488 1714 sunt
1510 1637 1578 1710 hii:
1616 1637 1718 1710 Gon-

328 1741 433 1818 rudus
466 1740 672 1816 scolasticus
707 1750 743 1812 et
776 1739 1036 1815 archidiaconus
1080 1744 1115 1813 et
1154 1740 1321 1815 Albertus
1361 1741 1403 1813 de
1440 1737 1720 1832 Truhendingen,

330 1844 489 1918 cononici
516 1840 668 1915 ecclesie
694 1851 836 1932 nostre,
863 1852 898 1936 ot
922 1839 1088 1915 Albertus
1113 1844 1266 1917 notorius
1293 1851 1435 1930 noster,
1471 1843 1553 1912 item
1578 1838 1718 1912 Vlricus

332 1953 368 2017 et
390 1941 572 2016 Heinriens
598 1939 756 2013 monachi
782 1945 816 2013 in
839 1936 1015 2031 Eherech3
1041 1943 1123 2012 item
1149 1945 1311 2014 conuersi
1337 1940 1380 2014 de
1397 1939 1583 2036 Oeliporte,
1607 1937 1720 2012 Hart-

333 2035 466 2134 midus,
495 2039 694 2132 Comedus,
721 2039 889 2132 Silridus,
913 2041 1142 2138 liudegerus,
1168 2041 1314 2116 Siiridus
1340 2041 1504 2138 pellifex,
1537 2039 1721 2114 Heinricus

329 2148 456 2241 pistor,
481 2139 675 2229 Diemurus,
701 2139 887 2230 lieroldus,
912 2141 1100 2234 Gerloeus,
1128 2139 1305 2214 conradus
1333 2141 1457 2238 opilio,
1484 2137 1722 2229 Volumnius,

329 2241 513 2333 Albertus,
537 2239 720 2314 Heinricns
746 2245 896 2332 vinitor3
920 2244 1002 2313 item
1028 2239 1201 2337 Lupoldus
1228 2252 1263 2314 et
1288 2241 1483 2316 Diotericus
1504 2243 1659 2334 germani
1675 2237 1720 2312 de

330 2340 565 2438 llolrenlrcrg3
602 2345 683 2414 item
709 2342 856 2416 milites:
890 2339 971 2414 ouo
1003 2340 1208 2433 Flosculus,
1244 2343 1319 2414 Otto
1347 2341 1456 2416 dictus
1482 2339 1721 2432 Wolleslrele,

332 2441 528 2517 Friderieus
563 2440 605 2514 de
643 2439 859 2533 Wcreberc,
894 2439 1114 2514 Godeboldus
1149 2439 1301 2516 Orehsso
1313 2495 1324 2531 ,
1363 2439 1540 2516 conradus
1567 2439 1721 2534 Thorso,

331 2541 538 2618 ludewicus
553 2541 595 2615 de
612 2541 814 2636 Tungeden,
830 2540 1019 2618 Vrowinus
1034 2541 1076 2616 de
1089 2541 1275 2633 lleisilere,
1290 2541 1512 2638 lllorquordus
1529 2539 1722 2637 Orphunus,

331 2639 555 2739 Merquurdus
582 2641 707 2733 Gruso,
735 2641 893 2714 Tretlreir
919 2643 961 2714 de
986 2641 1166 2733 Arnstein,
1190 2642 1395 2717 Hortmudus
1412 2643 1455 2716 de
1469 2640 1594 2732 Wern,
1619 2640 1720 2717 Gon-

333 2742 436 2818 radus
464 2739 506 2814 de
532 2740 746 2834 Thetilboeh,
772 2741 963 2817 Sintrumus
991 2743 1177 2831 scultetus3
1204 2745 1284 2815 ilem
1312 2747 1407 2818 ciues
1434 2740 1718 2838 herbipolenses:

332 2841 529 2918 Friderieus
554 2839 766 2936 Willcmdd,
790 2841 988 2917 Fridericus
1013 2841 1290 2936 Buthigulerius,
1320 2841 1559 2938 Engelherdus
1583 2841 1718 2916 Κωπε-

334 2945 467 3031 rarius,
492 2945 575 3016 item
600 2945 697 3018 ciues
722 2941 1015 3020 kerlestutenses:
1041 2943 1223 3016 Heinrieus
1258 2943 1302 3016 de
1327 2944 1507 3020 Reinstein
1542 2943 1724 3035 scultetus,

335 3041 537 3140 Eispertus,
569 3041 734 3116 Albcrtus
759 3041 944 3134 Rintbrad,
970 3043 1174 3137 liudegerus
1202 3042 1245 3116 de
1269 3043 1417 3136 Linnch,
1442 3041 1649 3136 liudegerus
1677 3041 1723 3116 de

338 3141 583 3236 Geilenhusen,
608 3140 850 3218 Willehelmus
864 3143 1066 3218 cellerarius
1080 3155 1213 3235 noster,
1239 3142 1722 3233 Hiltebrendusllolsterlroc3

336 3245 419 3316 item
446 3243 488 3316 de
511 3243 735 3317 Hiemelstot:
776 3239 968 3336 Alhertus,
1007 3243 1184 3320 Conrudus
1221 3239 1361 3334 Hiber,
1396 3244 1578 3318 Heinricus
1614 3243 1723 3336 llutil,

335 3341 590 3439 Engelhordus,
615 3343 826 3434 Richulmus,
851 3343 1031 3419 Heinricus
1044 3344 1248 3436 Schottclin,
1272 3342 1490 3418 Eberhardus
1505 3343 1724 3436 iratersuus,

338 3441 546 3538 Hornungus
574 3455 609 3516 et
634 3443 704 3535 alii,
730 3447 787 3540 qrri
812 3443 1038 3518 interfuerunt
1063 3447 1219 3518 tractatui
1244 3448 1385 3540 negocii
1411 3443 1604 3542 supradicti.
1656 3442 1722 3518 ln-

338 3564 445 3640 super
470 3539 513 3614 ad
538 3545 702 3617 maiorem
739 3543 949 3618 euidenciam
983 3545 1233 3642 predictorum,
1274 3567 1318 3618 ne
1351 3543 1442 3622 ullus
1475 3547 1510 3618 in
1542 3554 1722 3642 posterum

337 3664 445 3739 super
469 3642 535 3715 hiis
563 3644 742 3741 scrupulus
769 3643 948 3718 dubietatis
975 3655 1149 3738 emerget,
1173 3657 1368 3743 presentem
1394 3649 1552 3743 peginam
1578 3645 1723 3718 lecimus

340 3741 448 3916 {iigilli
470 3747 790 3918 notistrffiuirunimitrlrff
813 3741 985 3918 rtclrlbomrii
1004 3847 1012 3863 ι
1031 3745 1156 3816 Actum
1189 3767 1279 3819 enno
1306 3745 1432 3823 domini
1456 3743 1665 3839 uocnxn,
1687 3749 1724 3819 in

339 3864 520 3938 nesano.
590 3865 734 3941 1,pon
784 3868 824 3918 cu
861 3866 1259 3932 snosnunnonono.

553 4057 691 4150 ΜΕΝ
711 4057 801 4148 iringi
822 4063 957 4164 episcopt
978 4057 1134 4145 appendet
1267 4146 1271 4154 .
