3774 4728
940 921 1088 997 CCXIX.

622 1115 708 1178 Anno
735 1107 836 1192 1230,
870 1109 920 1176 27.
945 1109 1097 1192 October,
1120 1109 1197 1194 apud
1218 1110 1406 1174 wirceburc.

319 1297 515 1373 Concordia
540 1299 631 1372 inter
654 1295 884 1371 Hermannum
909 1301 1109 1395 episcopum
1142 1307 1176 1371 et
1212 1299 1397 1374 ecclesiam
1422 1297 1705 1394 herbipolensem

318 1421 366 1472 ox
389 1420 456 1470 una
482 1407 579 1493 parte
607 1407 641 1470 et
667 1401 827 1470 comitem
851 1397 1051 1494 Bopponem
1078 1403 1237 1472 comitem
1264 1399 1306 1472 de
1326 1397 1568 1492 Hennenherc,
1594 1395 1706 1468 burc-

669 1501 825 1592 gravium
852 1496 1130 1594 herbipolensem
1156 1521 1202 1573 ex
1227 1499 1346 1572 altera.

357 1722 360 1732 .
418 1667 444 1741 Ι.
471 1689 504 1739 n.
533 1666 564 1738 tl.
593 1689 623 1738 a.
674 1665 800 1740 Notum
825 1669 871 1741 sit
895 1667 1051 1743 omnibus
1076 1679 1143 1740 tam
1169 1667 1409 1765 presentibus,
1442 1687 1542 1763 quam
1567 1666 1704 1759 iuturis,

317 1765 409 1862 quod
432 1769 522 1839 inter
547 1766 718 1839 dominum
743 1770 941 1864 episcopum
975 1780 1011 1841 et
1037 1768 1221 1841 ecclesiam
1247 1767 1526 1864 herbipolensem
1562 1787 1609 1839 ex
1633 1789 1704 1839 vna

316 1877 415 1963 parte
441 1875 478 1938 et
502 1871 661 1938 comitem
686 1867 941 1964 Bopponem
975 1869 1194 1964 burgrauinm
1220 1867 1497 1964 herbipolensem
1523 1889 1569 1940 ex
1594 1865 1703 1938 ultera

316 1987 422 2062 super
448 1969 674 2040 successione
707 1966 877 2040 honorum
911 1971 1046 2041 comitis
1072 1967 1283 2040 bertoldi
1322 1967 1364 2040 de
1402 1964 1705 2040 Hennenherc

319 2069 502 2162 questione
529 2065 669 2140 suborta
693 2067 773 2140 talis
799 2068 984 2140 concordia
1011 2067 1054 2140 de
1070 2089 1243 2141 consensu
1259 2071 1410 2163 parcium
1426 2068 1549 2140 electis
1566 2064 1703 2140 arbitris

318 2167 517 2238 intervenit.
570 2165 696 2241 Comes
721 2168 872 2263 Boppo
901 2169 1084 2242 confessus
1111 2178 1176 2258 est,
1203 2191 1243 2241 se
1254 2171 1491 2256 renunciasse,
1518 2175 1702 2238 etrenun·

320 2269 423 2338 ciauit
449 2269 540 2338 omni
565 2269 652 2358 iuri,
689 2265 780 2362 quod
813 2266 941 2341 hahere
975 2291 1016 2341 se
1042 2266 1176 2340 dicebat
1207 2271 1242 2339 in
1277 2270 1416 2340 civitate
1441 2265 1702 2359 bleiningon

321 2385 398 2437 cum
424 2367 496 2439 suis
523 2369 715 2444 attinenciis
742 2377 777 2438 et
801 2367 909 2460 villis,
935 2391 1073 2464 quarum
1098 2371 1236 2440 nomina
1262 2379 1340 2440 sunt
1354 2367 1567 2460 subscripta:
1593 2366 1702 2438 Rer-

318 2465 482 2556 honen,
507 2463 745 2563 Walpuhc,
769 2467 990 2559 Bruherc,
1014 2465 1429 2557 Eihrehtoshuson,
1454 2463 1702 2555 Ehersbah,

318 2563 419 2640 honis
444 2568 481 2638 in
505 2565 763 2656 llimelstat,
789 2565 921 2642 decime
945 2567 1313 2657 inlshersbusen,
1339 2566 1470 2638 decime
1485 2563 1702 2638 inWille-

318 2663 681 2757 hrehtoshusen,
717 2665 905 2742 advocacie
929 2671 965 2740 in
989 2667 1339 2742 bleilrichastat
1365 2677 1400 2740 et
1424 2669 1459 2738 in
1484 2664 1569 2737 villa
1596 2661 1702 2738 Sto-

319 2764 476 2856 cheim,
500 2767 701 2860 promittens
728 2788 791 2862 pro
819 2789 858 2842 so
884 2779 919 2840 ot
943 2789 1007 2864 pro
1034 2771 1106 2843 suis
1132 2767 1330 2858 heredibus,
1354 2765 1444 2862 quod
1470 2785 1573 2861 super
1600 2761 1702 2838 honis

318 2863 481 2962 predictis
507 2864 567 2938 vol
593 2887 712 2938 eorum
736 2878 833 2961 parte
858 2868 986 2941 nullem
1013 2872 1178 2965 episcopo
1204 2867 1264 2940 vol
1289 2867 1440 2940 ecclesie
1465 2864 1703 2960 herbipolensi

318 2961 469 3036 monebit
492 2963 553 3036 vol
578 2967 712 3040 moueri
736 2967 839 3040 facim
861 2968 934 3042 ullo
960 2978 1115 3064 tompore
1142 2970 1367 3063 questionem.
1401 2967 1569 3040 Dominus
1587 2975 1702 3036 autem

319 3066 503 3160 episcopus
528 3063 781 3160 herbipolensis
807 3072 1013 3163 recognonit
1046 3078 1081 3141 et
1105 3070 1330 3162 recognoscit
1355 3069 1471 3138 comiti
1496 3065 1701 3160 Bopponi

319 3165 433 3236 omnia
458 3162 573 3256 seoda,
599 3187 664 3260 quo
691 3187 809 3240 comes
834 3167 1081 3241 Bertoldus
1108 3167 1151 3240 de
1175 3165 1494 3256 Hennenherc,
1529 3163 1635 3236 frater
1659 3165 1699 3236 B.

319 3263 399 3335 dicti
426 3267 572 3356 comitis,
597 3267 704 3338 tenuit
729 3265 770 3338 ah
796 3271 960 3364 episcopo
987 3279 1023 3341 et
1048 3267 1199 3341 ecclesia
1223 3265 1477 3364 herbipolensi,
1504 3263 1702 3360 specialiter

317 3362 384 3436 hiis
411 3368 580 3459 exceptis,
606 3364 724 3460 quibus
742 3389 860 3440 comos
877 3369 1032 3464 Boppo
1055 3371 1280 3458 renunciavit,
1306 3389 1372 3462 quo
1387 3363 1699 3440 certisnominibus

321 3473 401 3537 sunt
426 3485 605 3559 expressa.
654 3465 799 3562 Insuper
824 3467 979 3544 dominus
1006 3471 1189 3565 episcopus
1214 3466 1467 3562 herbipolensis
1496 3463 1639 3536 contulit
1663 3465 1700 3535 in

317 3561 424 3635 feodo
460 3565 575 3636 comiti
607 3565 646 3637 B.
684 3565 803 3638 villam
835 3567 1160 3642 Nichcrsielde
1200 3577 1235 3640 et
1266 3565 1461 3640 hlasuelt
1497 3563 1699 3636 inferius

318 3683 396 3735 cum
422 3665 494 3736 suis
520 3667 712 3740 attinenciis
740 3671 924 3762 proterius
940 3678 1137 3765 patronatus
1154 3666 1305 3740 ecclesie
1321 3643 1573 3754 in'llasuelt,
1599 3685 1698 3758 quam

317 3765 501 3859 opiscopus
536 3763 809 3862 herbipolensis,
849 3789 924 3839 cum
959 3772 1154 3860 vacauerit,
1191 3765 1370 3856 conferet,
1404 3767 1458 3836 coi
1492 3763 1600 3836 volet.
1651 3761 1700 3834 Vt

317 3873 431 3935 autem
456 3861 521 3935 hec
546 3871 659 3939 omnia
684 3875 757 3937 rata
783 3877 818 3938 ot
842 3867 1045 3940 inconvulsa
1071 3867 1191 3940 hrturis
1218 3863 1427 3961 temporibus
1456 3863 1698 3952 observentur,

316 3985 463 4058 presens
498 3966 627 4038 cartula
661 3965 785 4059 sigillis
824 3965 951 4038 domini
986 3967 1220 4040 Hermanni
1257 3967 1411 4061 episcopi
1446 3961 1698 4057 herbipolensis

318 4072 355 4135 et
379 4065 513 4136 comitis
539 4064 578 4136 B.
607 4065 649 4138 de
674 4064 974 4139 Hennenherc
1000 4077 1055 4141 ost
1080 4070 1214 4139 munita.
1266 4063 1353 4138 Huic
1391 4061 1577 4137 concordie
1601 4064 1697 4134 inte-
