3768 4728
914 401 1138 481 Maroneum

998 737 1092 813 CCL.

679 939 768 1004 Anno
794 935 896 1020 1237„
920 986 926 1003 .
951 985 957 1000 .
979 937 1048 1002 bled
1070 935 1147 1028 apud
1170 936 1367 1022 Babemberg.

438 1125 674 1222 Engelhardus
722 1123 1048 1222 nuwemburgensis
1092 1128 1275 1221 episcopus
1321 1123 1447 1196 Christi
1487 1121 1607 1196 lideles
1649 1145 1716 1218 per

337 1227 682 1322 nuwenburgensem
707 1226 863 1302 diocesin
891 1229 1095 1300 constitutos
1122 1234 1250 1314 monet,
1276 1223 1364 1318 quod
1391 1223 1562 1297 ecclesiae
1588 1221 1712 1294 herbi-

338 1329 476 1426 polensi
500 1327 761 1402 subventionem
789 1325 831 1398 ad
855 1331 1108 1424 reparationem
1122 1323 1331 1398 edificiorum
1349 1345 1488 1396 suorum
1508 1327 1715 1412 ministrent,

342 1427 505 1503 omnibus·
521 1450 609 1500 vere
634 1426 898 1524 poenitentibus,
925 1431 981 1524 qui
1007 1427 1117 1500 dictae
1142 1424 1315 1498 ecclesiae
1349 1445 1467 1498 manus
1493 1426 1717 1520 pomexerlnt

342 1530 533 1618 adiutricem
560 1525 782 1622 quadraginta
807 1526 879 1601 dies
907 1532 1076 1600 iniunctae
1102 1529 1186 1622 ipsis
1211 1527 1442 1620 poenitentiae
1467 1525 1642 1616 relaxans.

538 1630 684 1720 „Datum
709 1627 796 1724 apud
822 1626 1047 1722 Babemberg‚
1074 1679 1082 1700 .
1111 1679 1119 1696 .
1145 1625 1245 1715 Maii,
1272 1647 1360 1696 anno
1390 1627 1500 1718 gratie
1520 1621 1716 1704 MOOXXX

494 1730 650 1823 septimo,
675 1725 888 1823 pontificatus
915 1751 999 1800 uero
1025 1728 1135 1802 nostri
1160 1747 1249 1796 anno
1275 1777 1284 1794 .
1313 1729 1346 1794 .“

549 1925 684 2009 Sigillum
705 1923 888 2012 Erlgelbardi
911 1929 1043 2007 episcopt
1066 1923 1228 2008 oblongum
1250 1923 1407 2005 appendet.

973 2339 1082 2414 cohi.

740 2541 827 2605 Anno
853 2539 949 2621 1237,
976 2537 1002 2602 l.
1024 2539 1102 2621 mm,
1125 2539 1309 2604 Wirceburc.

345 2727 560 2799 Hermannns
596 2723 847 2821 herbipolensis
882 2727 1064 2822 episcopus
1101 2725 1274 2816 universis
1301 2719 1425 2799 Ohristi
1460 2721 1616 2795 fidelibus
1657 2743 1718 2816 per

345 2823 617 2920 herbipolensem
645 2823 798 2900 diocesih
824 2829 1015 2899 constitutis
1034 2828 1189 2920 inmugit,
1215 2833 1379 2919 quatenus
1398 2821 1569 2898 ecclesiae
1594 2821 1717 2893 herbi-

344 2925 481 3020 polensi
507 2923 549 2995 ad
572 2929 822 3020 reparationem
849 2923 1057 2998 edificiorum
1084 2923 1286 2997 cathedralis
1320 2925 1510 3012 ecclesiae,
1545 2929 1718 2994 vetustate

534 3025 775 3122 collapsurum,
802 3025 1065 3100 elemosinamm
1090 3025 1273 3120 largitione
1300 3025 1512 3097 subveniant.

443 3192 485 3268 ll.
505 3193 567 3266 'dei
594 3197 703 3289 gratia
728 3193 978 3292 herbipolensis
1005 3197 1188 3290 episcopus
1214 3196 1384 3268 uniuersis
1410 3197 1446 3267 in
1472 3193 1609 3268 Christo
1627 3191 1720 3269 lide·

346 3294 434 3367 libus
460 3311 523 3390 per
547 3293 823 3391 herbipolensem
849 3295 1015 3392 dyocesin
1041 3297 1231 3368 constitutis
1258 3293 1402 3368 salntem
1430 3303 1465 3368 et
1489 3298 1659 3368 sinceram
1685 3297 1720 3368 in

347 3393 483 3466 domino
525 3398 809 3467 caritatem...
869 3393 952 3468 Cum
989 3392 1119 3465 edificia
1159 3391 1363 3466 cathedralis
1402 3394 1553 3468 ecclesie
1585 3403 1719 3486 nostre,

348 3497 632 3585 numerosae,
670 3497 738 3569 sint
763 3493 850 3566 adeo
876 3503 1045 3568 uetustate
1070 3493 1244 3590 collapsa,
1281 3492 1370 3588 quod
1394 3491 1438 3566 ad
1461 3496 1719 3591 reparationem

347 3615 466 3668 eorum
489 3593 722 3670 snbneucione
737 3591 885 3666 bdelium
899 3596 1131 3668 necessariam
1144 3591 1302 3685 babeant,
1327 3593 1547 3668 exhortamur
1562 3593 1719 3668 dilectam

346 3693 446 3766 nobis
472 3695 507 3764 in
533 3691 668 3768 Christo
693 3695 952 3768 uniuersitatem
976 3703 1127 3767 uestram
1152 3695 1318 3768 attencius
1352 3703 1387 3766 et
1410 3713 1589 3768 monemus
1623 3703 1658 3768 et
1682 3699 1718 3768 in

345 3796 587 3865 remissionem
611 3796 843 3889 peccaminum
867 3791 967 3866 uobis
993 3795 1209 3887 iniungimus,
1235 3801 1398 3889 quatenus
1424 3793 1468 3868 de
1492 3793 1592 3868 bonis
1616 3795 1717 3869 uobis

348 3891 459 3966 adeo
486 3891 621 3966 collatis
648 3893 911 3966 elemosinarum
936 3901 1126 3966 uestrarum
1150 3893 1340 3989 largicione
1377 3899 1476 3967 matri
1510 3903 1628 3970 uestro
1653 3899 1719 3967 ium

348 3989 437 4064 dicte
462 3991 613 4067 ecclesie
638 3992 820 4067 subuenire
845 3994 985 4082 curetis,
1009 4001 1046 4065 ut
1070 4015 1131 4090 per
1156 3992 1268 4067 hecet
1282 3993 1348 4068 alia
1370 3993 1473 4088 bona,
1498 4015 1565 4090 que
1581 3991 1719 4068 dominu
