3776 4730
600 465 817 562 episcopatus
848 461 1139 562 wirziburgensis.
1491 459 1564 540 437

184 665 293 739 annos
319 676 353 738 et
377 665 420 738 de
446 667 623 739 antedictis
650 677 794 760 quatuor
822 665 916 738 libris
944 665 1160 739 denariorum
1187 667 1273 739 inira
1294 671 1440 764 quinque
1457 689 1565 743 annos

184 766 285 838 nichil
311 771 514 862 recepisset,
541 767 630 862 quod
657 771 758 837 etiam
786 791 858 837 cunr
888 766 1290 840 dominoHermanno
1318 768 1360 838 de
1377 769 1565 841 Steren·

183 865 299 955 berc,
327 867 510 939 secundum
538 867 627 962 quod
654 866 921 939 nobisomnibus
950 878 1095 960 constat,
1122 879 1156 939 et
1181 872 1242 940 toti
1269 879 1389 940 nostro
1417 869 1564 964 capitolo

185 967 271 1062 apud
296 991 454 1038 nouam
492 971 727 1038 ciuitatem
768 977 802 1037 et
839 968 1116 1061 Meiningen.
1153 971 1186 1038 in
1224 971 1372 1040 seruicia
1414 969 1566 1042 ecclesie

166 1077 304 1140 nostre
330 1091 456 1160 graues
483 1066 621 1138 labores
650 1079 684 1138 et
710 1068 862 1162 pericula
888 1090 1073 1162 perpessus
1101 1079 1216 1158 esset,
1243 1079 1277 1140 et
1302 1079 1369 1140 tarn
1397 1067 1441 1140 ibi
1467 1091 1566 1163 quarn

185 1169 270 1240 alias
298 1191 436 1263 semper
463 1178 497 1238 et
523 1172 598 1239 sine
626 1168 894 1238 contradictione
926 1169 1091 1240 mandatis
1132 1169 1342 1240 dominorum
1369 1179 1567 1241 nostrorum

184 1269 317 1356 derruni7
344 1271 509 1362 prepositi
536 1279 569 1339 et
596 1265 747 1339 custodis
776 1279 810 1337 et
837 1269 971 1362 capituli
1000 1269 1054 1340 die
1080 1279 1249 1364 noctuque
1289 1272 1332 1340 sit
1370 1280 1403 1339 et
1430 1292 1566 1366 semper

184 1368 285 1440 luerit
313 1367 452 1439 obedire
479 1379 628 1462 paratus.
656 1368 825 1438 lmmiliter
852 1393 870 1437 u
898 1369 996 1441 nobis
1015 1393 1089 1440 curn
1117 1372 1281 1441 instancia
1308 1369 1502 1464 postulauit,
1530 1379 1567 1440 ut

184 1467 350 1564 prelatum
379 1470 422 1540 A.
451 1469 590 1540 militem
617 1493 679 1563 pro
709 1467 879 1564 darurpuis.
920 1469 1093 1562 laboribus
1131 1481 1164 1540 et
1192 1473 1355 1565 expensis
1383 1468 1504 1542 habitis
1530 1472 1566 1542 in

184 1569 298 1663 aliquo
326 1573 501 1664 respicere
531 1569 757 1662 dignaremur.
810 1565 883 1640 Nos
911 1593 997 1641 uero
1014 1569 1272 1643 considerantes
1287 1569 1386 1641 bdern
1402 1581 1437 1640 et
1452 1568 1565 1640 deuo-

185 1673 310 1739 tionem
338 1693 498 1740 necnon
525 1669 666 1765 dampna
694 1667 891 1741 etlobores
921 1681 953 1740 et
992 1675 1093 1744 etiam
1127 1693 1298 1764 expensas
1336 1669 1493 1766 prelibati
1519 1670 1564 1740 A.

183 1769 312 1860 militis,
340 1773 597 1866 conputatisque
625 1768 779 1842 omuibus
824 1769 975 1864 dmnpuis
1018 1769 1169 1842 eiusdem
1197 1770 1391 1864 diligenter.
1420 1773 1566 1841 estima-

186 1873 294 1942 uinus
322 1870 464 1966 dampno
491 1895 552 1944 sua
578 1894 685 1966 usque
712 1870 753 1942 ad
781 1894 942 1942 summam
959 1883 1090 1942 ceritum
1120 1881 1153 1942 ei
1169 1871 1567 1964 quadragintalibrarurn

184 1967 386 2042 hallensium
433 1969 644 2062 ascaridae,
684 1976 712 2044 si
755 1970 865 2042 eidem
904 1973 1056 2066 plenarie
1093 1971 1226 2044 rel'undi
1269 1971 1442 2044 deberent.
1505 1969 1569 2046 Set

185 2075 260 2166 quio
301 2094 379 2144 raro
421 2073 562 2166 dampna
602 2075 633 2143 iu
672 2076 839 2164 integrum
867 2084 1119 2158 restaurantum
1160 2083 1270 2142 tannen
1308 2097 1351 2143 ne
1381 2071 1567 2165 prelibatus

184 2172 228 2242 A.
257 2172 356 2244 miles
384 2197 446 2268 pro
473 2172 671 2249 laboribus.
709 2173 860 2265 dampnis
897 2185 930 2243 et
957 2177 1120 2267 expensis
1148 2192 1213 2242 noo
1239 2195 1307 2243 non
1343 2195 1405 2266 pro
1440 2171 1505 2243 lide
1533 2183 1568 2242 et

185 2272 382 2362 deuotione,
410 2297 507 2368 quam
535 2277 626 2344 cirea
653 2296 717 2344 uus
746 2283 778 2344 et
807 2283 957 2342 nostram
986 2272 1086 2342 babet
1112 2283 1146 2341 et
1164 2267 1566 2366 semperbabuiteuole-

185 2377 294 2462 siam,
322 2373 497 2469 dorupmrm
538 2385 572 2444 et
597 2373 870 2465 ingratitudinem
898 2383 1113 2467 reportaret,
1153 2372 1429 2444 consideratione
1455 2371 1566 2442 babitu

185 2473 351 2566 diligenti,
380 2475 491 2546 taliter
519 2473 703 2546 studuimus
733 2483 861 2544 rrraiuro
890 2471 1163 2543 corrsiliolrabito
1184 2471 1366 2558 modararb
1395 2471 1566 2559 uidelicet,

185 2584 220 2644 nt
246 2576 385 2662 curiam,
413 2599 478 2668 que
505 2573 692 2667 appellatur
720 2571 1025 2659 tisattenruor,
1051 2593 1150 2664 qoam
1177 2595 1196 2640 e
1207 2575 1424 2665 piscopos
1452 2591 1566 2641 sam-

185 2675 362 2746 biensis
390 2677 431 2746 ad
457 2677 529 2746 dies
559 2678 627 2744 vite
654 2697 716 2746 sue
731 2673 856 2746 babere
871 2671 1043 2761 debuerat
1071 2693 1135 2743 uer
1152 2670 1241 2740 aliud
1258 2670 1299 2741 de
1318 2675 1390 2766 ipsa
1408 2669 1567 2742 ordinare

188 2785 332 2868 poterat.
359 2778 509 2870 prelatus
537 2775 580 2845 A.
608 2775 706 2845 miles
732 2798 794 2869 pro
824 2772 975 2867 dampnis
1011 2777 1081 2843 suis
1116 2770 1354 2865 multiplicibus
1393 2779 1508 2841 teneat
1533 2779 1568 2840 et

187 2877 239 2947 sui
267 2875 412 2948 heredes
436 2875 460 2962 ¹)
488 2897 549 2972 pro
577 2885 709 2946 centum
737 2874 831 2946 libris
858 2873 1079 2960 ballensium.
1107 2870 1334 2942 tantummodo
1363 2875 1396 2942 in
1423 2893 1565 2942 recom—
1612 2937 1616 2942 .

186 2979 422 3069 pausationem
452 2981 599 3048 omnium
617 2975 849 3070 dampnorum.
877 2974 1030 3046 laborum
1050 2985 1084 3044 et
1101 2993 1341 3064 expensarum.
1370 2994 1452 3064 quas
1475 2972 1567 3056 tecit.

186 3074 254 3144 boc
280 3076 401 3166 modo,
428 3077 517 3171 quod
544 3081 573 3148 si
599 3075 798 3171 prelibatum
827 3077 1023 3168 episcopum
1052 3073 1093 3144 ad
1120 3074 1261 3164 gratiam
1286 3073 1387 3142 loturi
1413 3073 1568 3164 episcopi

187 3186 223 3246 et
250 3179 384 3270 capituli
411 3177 660 3274 herbipolensis
687 3175 801 3246 redire
828 3178 1010 3266 eontigerit
1047 3185 1081 3243 et
1117 3182 1253 3266 optenta
1280 3175 1388 3264 gratia
1415 3194 1476 3264 per
1502 3171 1569 3242 hoc

188 3274 252 3348 sibi
280 3280 405 3348 curiam
433 3280 526 3350 reddi
552 3277 738 3370 prelatum.
775 3276 965 3367 obligamus
1006 3275 1151 3344 loturum
1178 3271 1453 3365 herbipolensem
1488 3273 1567 3365 epi-

188 3399 350 3470 scopum,
379 3389 414 3448 ui
439 3387 627 3450 memorato
654 3377 697 3447 A.
727 3377 822 3446 militi
856 3387 890 3446 et
917 3378 987 3447 suis
1014 3373 1195 3444 heredibus
1224 3393 1284 3466 pro
1313 3381 1445 3442 ceritum
1473 3370 1567 3441 libris

189 3479 306 3570 sepius
331 3478 452 3550 dictam
468 3483 594 3550 curium
611 3477 766 3563 redimet
793 3499 858 3547 nec
874 3500 918 3547 ex
935 3476 1000 3545 buo
1016 3475 1143 3568 aliquot
1158 3474 1393 3543 detrimentum
1406 3473 1566 3565 paciatur.

191 3576 228 3648 Si
255 3588 367 3650 autem
395 3581 582 3674 sepefatum
600 3576 826 3648 sambieusem
842 3580 1038 3670 episcopum
1059 3577 1146 3646 mori
1165 3577 1359 3664 contigerit.
1388 3570 1569 3665 capitulum

189 3688 342 3750 nostrum
370 3678 505 3751 babebit
531 3679 671 3749 liberam
699 3687 926 3770 potestatem.
955 3678 1080 3746 curiam
1107 3683 1318 3768 pretaxatam
1345 3695 1406 3766 pro
1435 3680 1569 3741 eentum

190 3776 286 3849 libris
312 3778 514 3852 ballensium
542 3777 728 3848 redimendi
765 3776 806 3846 ab
844 3778 887 3847 A.
916 3776 1022 3846 milite
1062 3778 1177 3868 sepius
1215 3794 1384 3867 expresso
1425 3782 1459 3841 et
1498 3773 1569 3842 suis

190 3877 394 3968 heredibus.
422 3891 455 3950 ut
493 3885 543 3953 sic
570 3879 611 3949 ad
636 3876 902 3948 iurisdictionem
930 3887 964 3947 et
988 3878 1228 3970 proprietatem
1254 3876 1363 3943 nostri
1390 3869 1524 3964 capituli
1540 3867 1568 3960 ²)

190 3977 298 4050 libera
325 3992 526 4052 reuertatur.
567 3978 619 4050 Ne
646 3988 757 4048 autem
774 3977 873 4049 miles
890 3988 967 4048 ante
984 3979 1176 4046 nominatus
1191 3977 1224 4043 in
1239 3983 1414 4068 posterum
1431 3971 1569 4063 aliquo-

191 4077 291 4168 modo
320 4084 351 4154 in
380 4086 471 4158 cirria
499 4083 653 4182 superius
681 4078 769 4152 dicta
796 4077 932 4186 aliquod
959 4074 1218 4188 inpedimentum
1233 4075 1396 4182 paciatur,
1422 4093 1567 4180 presens
