3774 4728
584 418 801 534 episcopatus
826 431 1121 535 wirciburgensis.

751 776 975 852 cccxxiiii.

754 979 842 1044 Anno
867 975 959 1043 1257.

166 1163 358 1240 luthfridus
386 1160 567 1240 subcustcs
595 1167 736 1239 meionis
762 1165 936 1238 ecclesiae
964 1174 1098 1237 centum
1126 1167 1250 1240 mercis
1276 1166 1410 1260 argenti
1437 1161 1552 1239 iundet

167 1270 329 1340 vicariam
355 1275 567 1363 perpetuam,
593 1267 646 1336 cui
661 1265 841 1361 capitulum
855 1264 1016 1339 distracta
1028 1277 1169 1361 propter
1183 1270 1411 1341 necessitates
1429 1265 1550 1342 arduas

168 1367 229 1440 hac
255 1371 401 1464 pecunia
429 1369 462 1438 in
487 1387 570 1440 usus
587 1365 689 1457 alios,
715 1369 882 1459 assignat,
909 1365 1065 1461 quidquid
1082 1365 1124 1438 dc
1140 1365 1550 1464 officioportaecederet‚

477 1466 536 1538 vel
563 1463 673 1540 eidem
701 1465 815 1572 officie
842 1467 985 1542 ulterius
1013 1478 1242 1543 accresceret.
1274 1504 1276 1514 ·

268 1637 346 1734 Ego
373 1625 410 1710 L.
437 1637 620 1714 subcustos
647 1660 709 1734 pro
736 1640 889 1734 inpensis
922 1637 1002 1710 milui
1016 1585 1192 1712 beneficiis
1208 1637 1250 1713 ab
1267 1639 1418 1716 ecclesia
1431 1643 1553 1713 maiori

169 1738 422 1837 herbipolensis
448 1738 573 1812 velens
599 1737 711 1812 eldam
744 1758 809 1834 pro
835 1733 1006 1812 laenitate·
1029 1735 1105 1812 mee
1143 1739 1184 1812 ad
1219 1740 1406 1814 remedium
1441 1743 1553 1814 anime

169 1863 246 1914 mee
273 1839 419 1936 aliquam
447 1840 673 1914 elemosinam
688 1841 854 1938 inpediri,
880 1837 957 1912 dedi
983 1838 1240 1914 eidemcentum
1256 1864 1389 1916 marcas
1406 1843 1554 1936 argenti,

171 1961 234 2040 pro
260 1961 326 2036 qua
363 1961 493 2015 marma
530 1939 692 2036 quasdam
725 1942 973 2036 possessiones
1009 1961 1105 2014 meas
1138 1939 1358 2014 uendidernm
1387 1933 1455 2026 ‘snb
1479 1933 1554 2013 tuac

169 2041 293 2132 forma,
315 2051 353 2114 nt
378 2063 440 2138 per
466 2040 648 2136 capitulum
674 2039 811 2136 aliquod
835 2040 988 2136 predium
1007 2040 1066 2112 uel
1081 2046 1420 2136 possessionescum
1435 2035 1554 2139 eadem

162 2145 314 2240 pecnnia
337 2151 559 2232 emerentur,
596 2163 662 2237 que
696 2140 797 2213 alicui
834 2141 1007 2215 secerdoti
1042 2140 1084 2212 ad
1120 2165 1230 2215 meam
1264 2141 1555 2239 presentationem

171 2246 429 2336 assignarentur
464 2239 571 2314 choro
610 2243 718 2314 sancti
743 2239 881 2337 liylieni
917 2249 1083 2339 perpetuo
1119 2246 1313 2335 seruitum,
1348 2246 1395 2316 ita
1430 2253 1555 2332 tamen,

171 2341 262 2440 quod
288 2340 409 2416 eedem
435 2343 683 2440 possessiones
708 2341 787 2416 milri
814 2341 856 2414 ed
881 2345 985 2418 uitam
1010 2364 1120 2417 meam
1155 2345 1230 2428 sine
1256 2343 1436 2441 obstaculo
1462 2365 1554 2437 quo-

162 2437 256 2516 libet
284 2441 509 2518 deseruirent.
563 2439 648 2514 Cum
676 2434 778 2536 igitur
816 2434 998 2538 capitulum
1035 2439 1177 2614 spnden
1203 2435 1381 2544 pecuniam
1416 2453 1556 2540 propter

172 2543 333 2642 quasdam
359 2543 588 2618 necessitates
615 2541 737 2616 arduas
764 2543 798 2614 in
825 2564 908 2626 usus
937 2535 1025 2624 alios
1076 2538 1292 2637 is'trar'risset,
1332 2541 1422 2640 quod
1460 2553 1561 2616 antea

172 2647 378 2742 promiserat
415 2641 481 2716 lide
522 2639 598 2715 data
634 2642 762 2738 pluries
795 2638 989 2717 nullatenus
1031 2665 1071 2721 se
1097 2637 1263 2720 iacturum
1297 2645 1331 2740 in
1367 2651 1559 2720 restaurem

172 2745 306 2817 illarum
333 2746 610 2841 possessionum,
636 2766 701 2840 quc
719 2750 798 2816 tunc
813 2743 977 2840 temporis
994 2753 1153 2843 poterant
1179 2766 1254 2816 cum
1269 2743 1387 2818 endem
1405 2743 1559 2839 pecunia

163 2847 378 2942 comparari,
403 2843 561 2942 quidquid
587 2843 629 2916 de
657 2839 770 2916 efficio
797 2855 898 2940 porte
924 2843 1063 2932 cederet
1080 2843 1138 2918 uel
1154 2843 1265 2918 eidem
1282 2841 1396 2918 officio
1411 2841 1555 2916 ulterius

174 2955 394 3020 accresceret
418 2943 499 3018 mihi
525 2943 568 3018 ad
593 2945 694 3018 uitam
708 2967 818 3040 meam
834 2951 869 3017 et
884 2941 1146 3020 suecessoribus
1160 2947 1259 3036 meis,
1285 2946 1341 3043 qui
1356 2943 1398 3016 ad
1414 2943 1557 3018 eandem

173 3049 334 3120 niceriam
361 3043 483 3120 lierent
507 3047 670 3124 nominati
680 3039 695 3136 ,’
717 3047 792 3118 sine
819 3048 911 3118 omni
937 3043 1072 3118 defectu
1098 3043 1207 3121 libere
1225 3049 1463 3142 assignarunt.
1514 3045 1558 3118 Et

174 3150 204 3222 si
229 3145 273 3219 'de
300 3143 422 3219 eodem
450 3143 563 3218 elicio
591 3155 690 3242 porte
717 3167 771 3218 me
797 3142 855 3218 uel
882 3168 1108 3230 successores
1135 3169 1233 3232 meas
1270 3147 1304 3222 in
1330 3149 1404 3242 ipsa
1423 3147 1558 3237 ¹¹vicaria

175 3250 367 3324 seruientes
395 3245 563 3320 delectum
590 3239 736 3341 aliquem
762 3247 980 3342 contingeret
1013 3249 1185 3320 sustinere
1211 3267 1258 3331 ex
1273 3240 1395 3345 *super
1420 3240 1556 3318 habun-

166 3345 270 3420 ·rlarlli
296 3345 448 3426 eiusdem
490 3342 593 3420 efficii
627 3358 746 3444 porte,
784 3342 873 3442 quod
908 3346 1095 3442 uulgariter
1134 3343 1386 3420 vberschan
1424 3343 1560 3432 dicitur,

166 3447 266 3521 *idem
294 3447 449 3522 delectus
477 3445 618 3519 deberet
643 3449 779 3542 integre
804 3447 977 3534 resarciri,
1006 3456 1041 3518 et
1067 3445 1096 3520 si
1122 3445 1209 3541 apud
1234 3441 1323 3520 idern
1344 3442 1490 3518 officium
1519 3438 1561 3544 ad

177 3551 427 3623 restitutionem
455 3545 609 3621 deiectus
648 3567 716 3619 nen
737 3553 870 3643 posset
895 3555 987 3618 tanta
1013 3549 1181 3640 quantitas
1207 3541 1373 3638 inueniri,
1408 3545 1450 3621 de
1483 3542 1560 3632 aliis

178 3645 365 3726 redditibus
392 3648 461 3719 ‘nel
499 3645 759 3721 obuentlonlhu's
793 3645 973 3743 capitulum
1007 3643 1151 3730 eundem
1178 3643 1356 3740 compleret
1379 3641 1560 3728 deiectum.

179 3749 340 3822 Decanus
367 3753 496 3837 eciam,
525 3751 850 3844 quipre'tempore
877 3743 1002 3835 luerit,
1041 3745 1128 3818 hanc'
1153 3741 1401 3836 ordinationem
1428 3755 1463 3818 et
1487 3747 1561 3817 eius

182 3849 351 3922 delectum
368 3847 471 3924 simili
487 3848 605 3944 rigore
616 3849 778 3944 requiret„
795 3850 882 3922 sicut
898 3846 939 3918 de
955 3845 1127 3949 prebenda
1143 3838 1355 3922 dominorum
1367 3856 1562 3941 nostrorum

183 3947 256 4022 lieri
283 3957 575 4024 dst'consuetum.
626 3947 718 4020 Volo
746 3951 868 4038 etiam,
909 3957 945 4018 ut
971 3945 1125 4038 dominus
1152 3946 1348 4035 0.'custos
1374 3952 1409 4018 et
1442 3968 1562 4027 omnes

181 4073 407 4131 successores
436 4053 508 4125 eius
535 4053 568 4121 in
596 4045 720 4157 eodem
746 4041 861 4146 cilicio
888 4043 930 4153 ad
957 4045 1100 4122 eandem
1126 4048 1394 4154 vicar-iarnrpest
1419 4057 1564 4125 mertem
