3768 4728
346 424 418 500 280
504 486 507 493 .
919 415 1138 492 Monmnama

346 621 493 694 decanus
534 629 707 714 totumque
748 619 927 716 capitulum
969 619 1110 700 maioris
1147 613 1298 688 ecclesie
1343 611 1596 710 herbipolensis
1643 637 1719 688 cum

347 719 557 812 orationibus
584 722 754 792 sinceram
780 723 816 792 in
841 719 976 794 domino
1006 720 1191 789 caritatem.
1244 713 1328 786 Cum
1342 718 1411 786 'uia
1428 714 1547 790 salutis
1564 715 1721 790 omnibus

346 821 387 894 ad
411 832 542 917 patrem
568 819 804 892 misericordie
829 819 943 892 redire
967 813 1236 892 desiderantibus
1263 818 1308 887 sit
1333 823 1421 910 apta,
1446 835 1525 904 noa,
1551 819 1607 910 qui
1631 819 1722 888 inter

343 921 441 995 huius
482 920 595 992 mundi
628 917 726 990 deuia
764 929 798 992 et
836 919 1006 992 anfractus
1048 926 1083 988 ot
1123 926 1290 1010 tamquam
1329 917 1364 986 in
1397 912 1505 988 stadio
1541 916 1722 1004 carrinam,

343 1021 562 1111 laboremus,
600 1029 636 1090 ut
668 1017 820 1090 hrauium
857 1021 1119 1110 conangamus,
1157 1014 1199 1088 ad
1238 1017 1398 1086 noticiam
1431 1015 1545 1109 itaquo
1572 1015 1722 1087 omnium

346 1119 473 1194 Christi
498 1119 645 1192 lidelium
670 1141 732 1216 per
764 1141 909 1214 presens
948 1121 1109 1212 seriptum
1148 1114 1305 1187 uolumus
1341 1117 1541 1210 peruenire,
1578 1124 1721 1210 quantas

345 1223 574 1315 unusquisque
599 1217 701 1290 homo
729 1217 944 1309 christianus,
969 1221 1025 1312 qni
1048 1237 1110 1312 pro
1138 1217 1411 1288 canoninaoionis
1436 1217 1586 1308 negocio
1612 1216 1722 1288 sancti

343 1321 575 1394 Brvnonis
603 1318 769 1412 quondam
794 1317 1046 1416 herbipolensis
1074 1318 1227 1411 episcopi
1241 1325 1276 1387 et
1290 1311 1429 1386 edificiis
1446 1313 1597 1388 ecclesie
1610 1336 1721 1410 repa-

344 1420 459 1494 randis
486 1419 528 1491 do
555 1421 625 1490 suis
651 1417 863 1490 facultatibus
891 1418 1097 1490 elemosinas
1120 1417 1341 1510 erogaucrit‚
1365 1413 1602 1508 indulgencias
1628 1435 1721 1486 con-

346 1529 516 1614 sequatur.
541 1519 707 1592 Dominus
724 1521 812 1590 enim
828 1515 1104 1614 archiepiscopus
1130 1537 1194 1587 mo
1207 1517 1420 1608 guntinus
1435 1514 1721 1608 metropolitanus

343 1625 463 1692 noster
487 1615 546 1690 XL
573 1617 646 1688 dies
674 1618 895 1690 criminalium
921 1621 1071 1690 iniuncta
1096 1617 1281 1711 penitentie
1303 1617 1464 1688 cumsvis
1483 1613 1723 1707 suffraganeis,

346 1739 488 1814 quomm
515 1717 655 1812 quilibet
679 1716 818 1789 totidem
845 1717 918 1790 dies
944 1717 1176 1812 peccaminum
1201 1713 1424 1786 criminalium
1449 1715 1596 1786 miuncte
1614 1712 1721 1808 peni-

346 1822 464 1909 tentie‚
490 1817 634 1914 predicti
667 1821 799 1911 negotii
834 1817 1095 1890 subuentoribus
1128 1814 1349 1888 indulserunt.
1398 1813 1504 1886 Datus
1540 1835 1626 1886 uero
1659 1815 1720 1884 in-

347 1917 541 2012 dulgentias
567 1917 666 1989 uobis
692 1917 907 2012 presentibus
935 1916 1157 1989 declaramus.
1209 1915 1373 1986 Dominus
1399 1923 1520 1988 noster
1538 1915 1722 2008 episcopus

345 2016 690 2112 herbipolensis
716 2017 850 2088 relaxat
863 2015 1018 2113 omnibus
1032 2013 1306 2088 benefactoribus
1321 2015 1460 2106 negocii
1472 2015 1650 2084 memorati
1661 2010 1721 2083 XL

347 2117 419 2190 dies
456 2115 678 2188 criminalium
711 2120 859 2188 iniuncto
892 2119 1078 2212 penitentie
1116 2125 1151 2187 et
1182 2137 1303 2186 annum
1341 2114 1545 2201 uenialium3
1579 2122 1722 2208 peccata

347 2217 462 2306 cutim,
487 2227 570 2290 uota
595 2215 714 2307 oraora,
742 2219 770 2288 si
797 2216 839 2288 ad
865 2239 906 2288 ea
937 2215 1119 2306 redierint,
1156 2211 1305 2287 ollensas
1346 2223 1476 2307 patrum
1511 2224 1546 2284 et
1578 2221 1722 2283 matrum

347 2320 422 2392 sine
448 2317 624 2410 sanguinis
652 2317 818 2388 allusione
851 2315 1078 2414 penitentibus
1112 2313 1189 2386 Vlll
1223 2312 1295 2384 dies
1331 2334 1496 2404 camene,
1517 2321 1566 2396 et
1598 2333 1723 2383 annam

142 2436 145 2450 ·
225 2452 227 2460 ·
344 2415 618 2512 penitencialema
643 2415 840 2492 mulieribus
868 2427 992 2508 autem,
1018 2437 1083 2510 que
1110 2435 1245 2488 omnem
1269 2411 1476 2505 diligentiam
1503 2409 1724 2483 adhibuerunt

344 2519 460 2613 pneris
485 2515 662 2612 baptizatis
689 2515 855 2588 dimidiam
882 2538 1058 2587 carreriam
1085 2525 1119 2586 et
1144 2535 1265 2586 annum
1289 2512 1567 2606 penitentialem
1592 2511 1722 2582 mulie-

346 2615 441 2688 ribus
468 2639 622 2711 quoque‚
649 2639 714 2711 que
748 2639 818 2690 non
843 2615 1031 2711 baptizatos
1065 2623 1143 2712 aput
1176 2631 1215 2686 se
1248 2634 1376 2707 pueros
1409 2615 1611 2684 inuenerunt
1642 2607 1722 2684 Vlll

347 2715 421 2788 dies
449 2737 592 2787 carrena
620 2727 654 2788 et
680 2739 804 2789 annum
826 2715 1080 2812 penitentialem
1105 2713 1250 2786 relaxat.
1291 2711 1336 2783 Et
1359 2711 1579 2784 honorabiles
1595 2709 1722 2782 domini

346 2818 456 2888 arostri
484 2819 650 2912 episcopi,
676 2815 830 2890 dominus
860 2815 1203 2888 wormaciensis
1230 2811 1304 2884 dies
1329 2809 1406 2900 XL,
1442 2810 1597 2884 dominns
1624 2813 1719 2906 spi·-

346 2917 495 2988 rensis
513 2914 673 3006 diesXL,
700 2915 1135 2990 dominuseistetensis
1157 2911 1318 3002 diesXL‚
1344 2909 1721 2984 dominusnavven-

345 3013 766 3106 burgensisdtesxu,
792 3009 1453 3106 dominusmerscburgonsisdics
1467 3011 1540 3102 XL,
1565 3009 1721 3082 dominus

346 3111 751 3188 hildesheimensis
777 3116 849 3189 dies
876 3113 947 3206 XL,
973 3111 1127 3185 dominus
1153 3110 1537 3186 halberstatensis
1563 3109 1637 3181 dies
1661 3108 1721 3181 XL

348 3213 569 3284 criminalium
595 3214 816 3289 indulserant.
865 3213 936 3288 Has
961 3215 1070 3286 eciam
1092 3211 1327 3306 indulgenciam
1354 3235 1373 3282 a
1398 3213 1470 3286 suls
1496 3209 1722 3303 suffraganeis

348 3312 505 3384 datasuel
518 3311 642 3388 dandas
655 3315 744 3388 idem
755 3313 909 3388 dominus
919 3311 1503 3409 archiepiscopusmognntinus‚
1512 3309 1722 3407 metropoli-

347 3423 592 3504 tanusnoster‚
616 3415 657 3486 ad
683 3417 823 3488 maioris
840 3411 1008 3487 mercedis
1037 3414 1204 3485 cumulum
1230 3433 1295 3484 svo
1319 3414 1507 3507 patrocinio
1532 3408 1722 3489 rohorauit.

557 3613 692 3697 Sigillum
718 3615 836 3696 capituli
858 3617 979 3702 maioris
1003 3613 1152 3678 ecclesiae
1173 3609 1328 3693 appendet
