<?xml version="1.0" encoding="UTF-8"?>
<!DOCTYPE html PUBLIC "-//W3C//DTD XHTML 1.0 Transitional//EN"
    "http://www.w3.org/TR/xhtml1/DTD/xhtml1-transitional.dtd">
<html xmlns="http://www.w3.org/1999/xhtml" xml:lang="en" lang="en">
 <head>
  <title>
</title>
<meta http-equiv="Content-Type" content="text/html;charset=utf-8" />
  <meta name='ocr-system' content='tesseract 3.04.00' />
  <meta name='ocr-capabilities' content='ocr_page ocr_carea ocr_par ocr_line ocrx_word'/>
</head>
<body>
  <div class='ocr_page' id='page_1' title='image "./monumentaboica00karagoog_0240.png"; bbox 0 0 3774 4728; ppageno 0'>
   <div class='ocr_carea' id='block_1_1' title="bbox 328 437 1128 517">
    <p class='ocr_par' dir='ltr' id='par_1_1' title="bbox 328 437 1128 517">
     <span class='ocr_line' id='line_1_1' title="bbox 328 437 1128 517; baseline -0.006 0"><span class='ocrx_word' id='word_1_1' title='bbox 328 443 401 517; x_wconf 80' lang='lat'><strong>228</strong></span> <span class='ocrx_word' id='word_1_2' title='bbox 910 437 1128 512; x_wconf 59' lang='lat' dir='ltr'><strong>monumento</strong></span> 
     </span>
    </p>
   </div>
   <div class='ocr_carea' id='block_1_2' title="bbox 325 635 1711 974">
    <p class='ocr_par' dir='ltr' id='par_1_2' title="bbox 325 635 1711 974">
     <span class='ocr_line' id='line_1_2' title="bbox 327 635 1711 724; baseline -0.004 -20"><span class='ocrx_word' id='word_1_3' title='bbox 327 645 410 724; x_wconf 82' lang='lat' dir='ltr'><strong>agris</strong></span> <span class='ocrx_word' id='word_1_4' title='bbox 432 642 596 722; x_wconf 77' lang='lat' dir='ltr'><strong>contiguis,</strong></span> <span class='ocrx_word' id='word_1_5' title='bbox 630 641 680 718; x_wconf 92' lang='lat' dir='ltr'><strong>qui</strong></span> <span class='ocrx_word' id='word_1_6' title='bbox 714 636 752 698; x_wconf 92' lang='lat' dir='ltr'><strong>ad</strong></span> <span class='ocrx_word' id='word_1_7' title='bbox 781 636 838 698; x_wconf 83' lang='lat' dir='ltr'><strong>hec</strong></span> <span class='ocrx_word' id='word_1_8' title='bbox 860 642 1009 718; x_wconf 88' lang='lat' dir='ltr'><strong>pertinent</strong></span> <span class='ocrx_word' id='word_1_9' title='bbox 1016 683 1027 717; x_wconf 91' lang='lat'><strong>,</strong></span> <span class='ocrx_word' id='word_1_10' title='bbox 1061 641 1169 700; x_wconf 90' lang='lat' dir='ltr'><strong>ciuitas</strong></span> <span class='ocrx_word' id='word_1_11' title='bbox 1200 635 1406 700; x_wconf 72' lang='lat' dir='ltr'><strong>sauricen</strong></span> <span class='ocrx_word' id='word_1_12' title='bbox 1429 653 1497 698; x_wconf 90' lang='lat' dir='ltr'><strong>cum</strong></span> <span class='ocrx_word' id='word_1_13' title='bbox 1520 635 1657 700; x_wconf 84' lang='lat' dir='ltr'><strong>domibus</strong></span> <span class='ocrx_word' id='word_1_14' title='bbox 1680 643 1711 700; x_wconf 88' lang='lat' dir='ltr'><strong>et</strong></span> 
     </span>
     <span class='ocr_line' id='line_1_3' title="bbox 327 720 1711 810; baseline -0.004 -20"><span class='ocrx_word' id='word_1_15' title='bbox 327 731 408 810; x_wconf 79' lang='lat' dir='ltr'><strong>agris</strong></span> <span class='ocrx_word' id='word_1_16' title='bbox 431 729 495 786; x_wconf 90' lang='lat' dir='ltr'><strong>silis</strong></span> <span class='ocrx_word' id='word_1_17' title='bbox 517 729 597 786; x_wconf 89' lang='lat' dir='ltr'><strong>inter</strong></span> <span class='ocrx_word' id='word_1_18' title='bbox 618 727 832 786; x_wconf 88' lang='lat' dir='ltr'><strong>nronasterium</strong></span> <span class='ocrx_word' id='word_1_19' title='bbox 853 729 949 804; x_wconf 89' lang='lat' dir='ltr'><strong>ipsum</strong></span> <span class='ocrx_word' id='word_1_20' title='bbox 973 731 1003 784; x_wconf 86' lang='lat' dir='ltr'><strong>et</strong></span> <span class='ocrx_word' id='word_1_21' title='bbox 1026 727 1174 786; x_wconf 91' lang='lat' dir='ltr'><strong>ciuitatem</strong></span> <span class='ocrx_word' id='word_1_22' title='bbox 1199 720 1324 786; x_wconf 92' lang='lat' dir='ltr'><strong>candem</strong></span> <span class='ocrx_word' id='word_1_23' title='bbox 1357 729 1387 783; x_wconf 90' lang='lat' dir='ltr'><strong>ct</strong></span> <span class='ocrx_word' id='word_1_24' title='bbox 1417 726 1496 784; x_wconf 86' lang='lat' dir='ltr'><strong>cmm</strong></span> <span class='ocrx_word' id='word_1_25' title='bbox 1522 727 1605 802; x_wconf 89' lang='lat' dir='ltr'><strong>iure,</strong></span> <span class='ocrx_word' id='word_1_26' title='bbox 1641 722 1711 784; x_wconf 85' lang='lat' dir='ltr'><strong>villa</strong></span> 
     </span>
     <span class='ocr_line' id='line_1_4' title="bbox 327 804 1710 892; baseline -0.004 -20"><span class='ocrx_word' id='word_1_27' title='bbox 327 807 659 873; x_wconf 87' lang='lat' dir='ltr'><strong>Gerlaheslrusen</strong></span> <span class='ocrx_word' id='word_1_28' title='bbox 682 826 750 868; x_wconf 91' lang='lat' dir='ltr'><strong>cum</strong></span> <span class='ocrx_word' id='word_1_29' title='bbox 772 812 851 869; x_wconf 90' lang='lat' dir='ltr'><strong>omni</strong></span> <span class='ocrx_word' id='word_1_30' title='bbox 873 813 1044 892; x_wconf 86' lang='lat' dir='ltr'><strong>integritate</strong></span> <span class='ocrx_word' id='word_1_31' title='bbox 1067 816 1096 870; x_wconf 92' lang='lat' dir='ltr'><strong>el</strong></span> <span class='ocrx_word' id='word_1_32' title='bbox 1117 813 1193 888; x_wconf 93' lang='lat' dir='ltr'><strong>iure,</strong></span> <span class='ocrx_word' id='word_1_33' title='bbox 1218 815 1248 869; x_wconf 89' lang='lat' dir='ltr'><strong>el</strong></span> <span class='ocrx_word' id='word_1_34' title='bbox 1268 804 1410 888; x_wconf 81' lang='lat' dir='ltr'><strong>quicquid</strong></span> <span class='ocrx_word' id='word_1_35' title='bbox 1434 805 1584 886; x_wconf 86' lang='lat' dir='ltr'><strong>quondam</strong></span> <span class='ocrx_word' id='word_1_36' title='bbox 1607 825 1710 869; x_wconf 89' lang='lat' dir='ltr'><strong>comcs</strong></span> 
     </span>
     <span class='ocr_line' id='line_1_5' title="bbox 325 891 1710 974; baseline -0.003 -16"><span class='ocrx_word' id='word_1_37' title='bbox 325 895 560 958; x_wconf 89' lang='lat' dir='ltr'><strong>Ludewicus</strong></span> <span class='ocrx_word' id='word_1_38' title='bbox 583 892 621 954; x_wconf 91' lang='lat' dir='ltr'><strong>de</strong></span> <span class='ocrx_word' id='word_1_39' title='bbox 643 891 809 954; x_wconf 89' lang='lat' dir='ltr'><strong>Kastele</strong></span> <span class='ocrx_word' id='word_1_40' title='bbox 842 893 890 955; x_wconf 91' lang='lat' dir='ltr'><strong>vel</strong></span> <span class='ocrx_word' id='word_1_41' title='bbox 912 898 942 954; x_wconf 94' lang='lat' dir='ltr'><strong>in</strong></span> <span class='ocrx_word' id='word_1_42' title='bbox 966 893 1146 971; x_wconf 79' lang='lat' dir='ltr'><strong>advocatis,</strong></span> <span class='ocrx_word' id='word_1_43' title='bbox 1178 893 1227 956; x_wconf 88' lang='lat' dir='ltr'><strong>vel</strong></span> <span class='ocrx_word' id='word_1_44' title='bbox 1255 897 1284 956; x_wconf 90' lang='lat' dir='ltr'><strong>in</strong></span> <span class='ocrx_word' id='word_1_45' title='bbox 1313 891 1565 974; x_wconf 86' lang='lat' dir='ltr'><strong>proprietatibus,</strong></span> <span class='ocrx_word' id='word_1_46' title='bbox 1598 893 1648 954; x_wconf 87' lang='lat' dir='ltr'><strong>vel</strong></span> <span class='ocrx_word' id='word_1_47' title='bbox 1680 898 1710 954; x_wconf 93' lang='lat' dir='ltr'><strong>in</strong></span> 
     </span>
    </p>
   </div>
   <div class='ocr_carea' id='block_1_3' title="bbox 324 975 1822 1060">
    <p class='ocr_par' dir='ltr' id='par_1_3' title="bbox 324 975 1822 1060">
     <span class='ocr_line' id='line_1_6' title="bbox 324 975 1822 1060; baseline -0.002 -18"><span class='ocrx_word' id='word_1_48' title='bbox 324 979 491 1042; x_wconf 89' lang='lat' dir='ltr'><strong>hominibus</strong></span> <span class='ocrx_word' id='word_1_49' title='bbox 514 985 580 1042; x_wconf 93' lang='lat' dir='ltr'><strong>siue</strong></span> <span class='ocrx_word' id='word_1_50' title='bbox 602 983 668 1041; x_wconf 91' lang='lat' dir='ltr'><strong>iure</strong></span> <span class='ocrx_word' id='word_1_51' title='bbox 691 983 757 1040; x_wconf 90' lang='lat' dir='ltr'><strong>siue</strong></span> <span class='ocrx_word' id='word_1_52' title='bbox 779 995 839 1040; x_wconf 90' lang='lat' dir='ltr'><strong>non</strong></span> <span class='ocrx_word' id='word_1_53' title='bbox 860 983 927 1040; x_wconf 90' lang='lat' dir='ltr'><strong>iure</strong></span> <span class='ocrx_word' id='word_1_54' title='bbox 949 979 1085 1059; x_wconf 83' lang='lat' dir='ltr'><strong>possedit</strong></span> <span class='ocrx_word' id='word_1_55' title='bbox 1116 985 1146 1041; x_wconf 91' lang='lat' dir='ltr'><strong>in</strong></span> <span class='ocrx_word' id='word_1_56' title='bbox 1168 983 1257 1060; x_wconf 91' lang='lat' dir='ltr'><strong>ipsis,</strong></span> <span class='ocrx_word' id='word_1_57' title='bbox 1291 977 1407 1039; x_wconf 92' lang='lat' dir='ltr'><strong>decima</strong></span> <span class='ocrx_word' id='word_1_58' title='bbox 1438 981 1468 1039; x_wconf 92' lang='lat' dir='ltr'><strong>ln</strong></span> <span class='ocrx_word' id='word_1_59' title='bbox 1490 975 1709 1058; x_wconf 75' lang='lat' dir='ltr'><strong>bernheim</strong></span> <span class='ocrx_word' id='word_1_60' title='bbox 1818 1009 1822 1016; x_wconf 92' lang='lat'><strong>·</strong></span> 
     </span>
    </p>
   </div>
   <div class='ocr_carea' id='block_1_4' title="bbox 324 1063 1716 3110">
    <p class='ocr_par' dir='ltr' id='par_1_4' title="bbox 324 1063 1716 3110">
     <span class='ocr_line' id='line_1_7' title="bbox 324 1063 1712 1130; baseline -0.003 -2"><span class='ocrx_word' id='word_1_61' title='bbox 324 1067 403 1130; x_wconf 86' lang='lat' dir='ltr'><strong>bona</strong></span> <span class='ocrx_word' id='word_1_62' title='bbox 432 1071 463 1127; x_wconf 92' lang='lat' dir='ltr'><strong>in</strong></span> <span class='ocrx_word' id='word_1_63' title='bbox 486 1064 688 1127; x_wconf 87' lang='lat' dir='ltr'><strong>Blachlelt</strong></span> <span class='ocrx_word' id='word_1_64' title='bbox 715 1081 783 1125; x_wconf 90' lang='lat' dir='ltr'><strong>cam</strong></span> <span class='ocrx_word' id='word_1_65' title='bbox 815 1063 983 1126; x_wconf 90' lang='lat' dir='ltr'><strong>hominibus</strong></span> <span class='ocrx_word' id='word_1_66' title='bbox 1022 1073 1052 1128; x_wconf 92' lang='lat' dir='ltr'><strong>et</strong></span> <span class='ocrx_word' id='word_1_67' title='bbox 1084 1064 1221 1128; x_wconf 86' lang='lat' dir='ltr'><strong>omnibus</strong></span> <span class='ocrx_word' id='word_1_68' title='bbox 1258 1068 1321 1125; x_wconf 89' lang='lat' dir='ltr'><strong>suis</strong></span> <span class='ocrx_word' id='word_1_69' title='bbox 1353 1065 1515 1125; x_wconf 71' lang='lat' dir='ltr'><strong>attinentiis</strong></span> <span class='ocrx_word' id='word_1_70' title='bbox 1550 1063 1646 1125; x_wconf 92' lang='lat' dir='ltr'><strong>libere</strong></span> <span class='ocrx_word' id='word_1_71' title='bbox 1674 1065 1712 1124; x_wconf 90' lang='lat' dir='ltr'><strong>&#39;et</strong></span> 
     </span>
     <span class='ocr_line' id='line_1_8' title="bbox 324 1147 1711 1231; baseline -0.004 -15"><span class='ocrx_word' id='word_1_72' title='bbox 324 1151 471 1229; x_wconf 88' lang='lat' dir='ltr'><strong>obsolute,</strong></span> <span class='ocrx_word' id='word_1_73' title='bbox 495 1150 609 1230; x_wconf 82' lang='lat' dir='ltr'>absque</span> <span class='ocrx_word' id='word_1_74' title='bbox 632 1154 713 1212; x_wconf 90' lang='lat' dir='ltr'><strong>omni</strong></span> <span class='ocrx_word' id='word_1_75' title='bbox 734 1153 918 1229; x_wconf 79' lang='lat' dir='ltr'><strong>impetitione</strong></span> <span class='ocrx_word' id='word_1_76' title='bbox 940 1155 1056 1214; x_wconf 79' lang='lat' dir='ltr'><strong>consitis</strong></span> <span class='ocrx_word' id='word_1_77' title='bbox 1079 1150 1239 1231; x_wconf 85' lang='lat' dir='ltr'><strong>Ruperti</strong></span> <span class='ocrx_word' id='word_1_78' title='bbox 1262 1147 1459 1212; x_wconf 87' lang='lat' dir='ltr'><strong>etheredum</strong></span> <span class='ocrx_word' id='word_1_79' title='bbox 1481 1153 1566 1226; x_wconf 90' lang='lat' dir='ltr'><strong>eius,</strong></span> <span class='ocrx_word' id='word_1_80' title='bbox 1598 1147 1711 1212; x_wconf 72' lang='lat' dir='ltr'><strong>domni</strong></span> 
     </span>
     <span class='ocr_line' id='line_1_9' title="bbox 324 1233 1709 1319; baseline -0.001 -20"><span class='ocrx_word' id='word_1_81' title='bbox 324 1241 458 1319; x_wconf 84' lang='lat' dir='ltr'><strong>episcopi</strong></span> <span class='ocrx_word' id='word_1_82' title='bbox 481 1243 511 1298; x_wconf 89' lang='lat' dir='ltr'><strong>et</strong></span> <span class='ocrx_word' id='word_1_83' title='bbox 531 1235 750 1316; x_wconf 85' lang='lat' dir='ltr'><strong>herbipolensis</strong></span> <span class='ocrx_word' id='word_1_84' title='bbox 772 1235 904 1296; x_wconf 85' lang='lat' dir='ltr'><strong>ecclesie</strong></span> <span class='ocrx_word' id='word_1_85' title='bbox 924 1234 1028 1298; x_wconf 83' lang='lat' dir='ltr'><strong>usibus</strong></span> <span class='ocrx_word' id='word_1_86' title='bbox 1051 1244 1081 1298; x_wconf 89' lang='lat' dir='ltr'><strong>et</strong></span> <span class='ocrx_word' id='word_1_87' title='bbox 1103 1236 1232 1300; x_wconf 88' lang='lat' dir='ltr'><strong>dominio</strong></span> <span class='ocrx_word' id='word_1_88' title='bbox 1253 1233 1458 1298; x_wconf 80' lang='lat' dir='ltr'><strong>rernanebunt</strong></span> <span class='ocrx_word' id='word_1_89' title='bbox 1490 1233 1604 1308; x_wconf 80' lang='lat' dir='ltr'><strong>Quibus</strong></span> <span class='ocrx_word' id='word_1_90' title='bbox 1620 1234 1709 1298; x_wconf 90' lang='lat' dir='ltr'><strong>bonis</strong></span> 
     </span>
     <span class='ocr_line' id='line_1_10' title="bbox 326 1317 1710 1403; baseline -0.002 -18"><span class='ocrx_word' id='word_1_91' title='bbox 326 1330 356 1385; x_wconf 88' lang='lat' dir='ltr'><strong>ct</strong></span> <span class='ocrx_word' id='word_1_92' title='bbox 378 1327 455 1385; x_wconf 82' lang='lat' dir='ltr'><strong>omini</strong></span> <span class='ocrx_word' id='word_1_93' title='bbox 477 1326 534 1384; x_wconf 89' lang='lat' dir='ltr'><strong>iuri</strong></span> <span class='ocrx_word' id='word_1_94' title='bbox 556 1319 691 1401; x_wconf 86' lang='lat' dir='ltr'><strong>prelatus</strong></span> <span class='ocrx_word' id='word_1_95' title='bbox 712 1319 910 1400; x_wconf 87' lang='lat' dir='ltr'><strong>Rupertus</strong></span> <span class='ocrx_word' id='word_1_96' title='bbox 933 1339 1054 1400; x_wconf 91' lang='lat' dir='ltr'><strong>comes,</strong></span> <span class='ocrx_word' id='word_1_97' title='bbox 1088 1321 1168 1403; x_wconf 90' lang='lat' dir='ltr'><strong>quod</strong></span> <span class='ocrx_word' id='word_1_98' title='bbox 1198 1340 1233 1384; x_wconf 90' lang='lat' dir='ltr'><strong>se</strong></span> <span class='ocrx_word' id='word_1_99' title='bbox 1264 1324 1294 1382; x_wconf 94' lang='lat' dir='ltr'><strong>in</strong></span> <span class='ocrx_word' id='word_1_100' title='bbox 1325 1323 1399 1400; x_wconf 92' lang='lat' dir='ltr'><strong>ipsis</strong></span> <span class='ocrx_word' id='word_1_101' title='bbox 1433 1317 1546 1384; x_wconf 88' lang='lat' dir='ltr'><strong>habere</strong></span> <span class='ocrx_word' id='word_1_102' title='bbox 1578 1325 1710 1382; x_wconf 90' lang='lat' dir='ltr'><strong>asseruit</strong></span> 
     </span>
     <span class='ocr_line' id='line_1_11' title="bbox 324 1404 1708 1488; baseline -0.003 -19"><span class='ocrx_word' id='word_1_103' title='bbox 324 1411 504 1469; x_wconf 88' lang='lat' dir='ltr'><strong>renuntiauil</strong></span> <span class='ocrx_word' id='word_1_104' title='bbox 518 1405 637 1488; x_wconf 90' lang='lat' dir='ltr'><strong>publice</strong></span> <span class='ocrx_word' id='word_1_105' title='bbox 653 1411 682 1465; x_wconf 89' lang='lat' dir='ltr'><strong>el</strong></span> <span class='ocrx_word' id='word_1_106' title='bbox 696 1409 827 1486; x_wconf 91' lang='lat' dir='ltr'><strong>precise,</strong></span> <span class='ocrx_word' id='word_1_107' title='bbox 841 1405 1014 1468; x_wconf 89' lang='lat' dir='ltr'><strong>aduocatias</strong></span> <span class='ocrx_word' id='word_1_108' title='bbox 1026 1413 1127 1470; x_wconf 88' lang='lat' dir='ltr'><strong>autem</strong></span> <span class='ocrx_word' id='word_1_109' title='bbox 1141 1407 1245 1469; x_wconf 91' lang='lat' dir='ltr'><strong>harum</strong></span> <span class='ocrx_word' id='word_1_110' title='bbox 1257 1405 1411 1467; x_wconf 83' lang='lat' dir='ltr'><strong>uillarum:</strong></span> <span class='ocrx_word' id='word_1_111' title='bbox 1436 1404 1708 1485; x_wconf 90' lang='lat' dir='ltr'><strong>Schonebach,</strong></span> 
     </span>
     <span class='ocr_line' id='line_1_12' title="bbox 324 1487 1707 1573; baseline -0.003 -18"><span class='ocrx_word' id='word_1_112' title='bbox 324 1493 466 1571; x_wconf 90' lang='lat' dir='ltr'><strong>Lovbe,</strong></span> <span class='ocrx_word' id='word_1_113' title='bbox 488 1489 755 1573; x_wconf 84' lang='lat' dir='ltr'><strong>Rihpolstorf,</strong></span> <span class='ocrx_word' id='word_1_114' title='bbox 780 1490 991 1571; x_wconf 89' lang='lat' dir='ltr'><strong>Osthusen,</strong></span> <span class='ocrx_word' id='word_1_115' title='bbox 1014 1491 1264 1570; x_wconf 82' lang='lat' dir='ltr'><strong>Tienebaeh,</strong></span> <span class='ocrx_word' id='word_1_116' title='bbox 1289 1489 1517 1570; x_wconf 90' lang='lat' dir='ltr'><strong>Strelbach,</strong></span> <span class='ocrx_word' id='word_1_117' title='bbox 1539 1487 1707 1568; x_wconf 87' lang='lat' dir='ltr'><strong>Echlelt,</strong></span> 
     </span>
     <span class='ocr_line' id='line_1_13' title="bbox 324 1559 1708 1655; baseline -0.001 -14"><span class='ocrx_word' id='word_1_118' title='bbox 324 1577 542 1655; x_wconf 70' lang='lat' dir='ltr'><strong>Northeirn‘,</strong></span> <span class='ocrx_word' id='word_1_119' title='bbox 577 1575 765 1653; x_wconf 80' lang='lat' dir='ltr'><strong>ostheim,</strong></span> <span class='ocrx_word' id='word_1_120' title='bbox 799 1559 977 1638; x_wconf 69' lang='lat' dir='ltr'><strong>Velkach</strong></span> <span class='ocrx_word' id='word_1_121' title='bbox 1000 1595 1067 1640; x_wconf 92' lang='lat' dir='ltr'><strong>cum</strong></span> <span class='ocrx_word' id='word_1_122' title='bbox 1090 1577 1227 1640; x_wconf 89' lang='lat' dir='ltr'><strong>omnibus</strong></span> <span class='ocrx_word' id='word_1_123' title='bbox 1251 1575 1459 1654; x_wconf 79' lang='lat' dir='ltr'><strong>attinentibus,</strong></span> <span class='ocrx_word' id='word_1_124' title='bbox 1493 1580 1570 1638; x_wconf 81' lang='lat' dir='ltr'><strong>siem</strong></span> <span class='ocrx_word' id='word_1_125' title='bbox 1602 1593 1708 1640; x_wconf 91' lang='lat' dir='ltr'><strong>comcs</strong></span> 
     </span>
     <span class='ocr_line' id='line_1_14' title="bbox 325 1659 1709 1743; baseline -0.002 -17"><span class='ocrx_word' id='word_1_126' title='bbox 325 1663 557 1726; x_wconf 85' lang='lat' dir='ltr'><strong>Ludewlcus</strong></span> <span class='ocrx_word' id='word_1_127' title='bbox 580 1659 729 1741; x_wconf 89' lang='lat' dir='ltr'><strong>quondam</strong></span> <span class='ocrx_word' id='word_1_128' title='bbox 751 1660 862 1741; x_wconf 84' lang='lat' dir='ltr'><strong>habuit,</strong></span> <span class='ocrx_word' id='word_1_129' title='bbox 886 1670 915 1724; x_wconf 91' lang='lat' dir='ltr'><strong>et</strong></span> <span class='ocrx_word' id='word_1_130' title='bbox 937 1662 1082 1725; x_wconf 89' lang='lat' dir='ltr'><strong>decimam</strong></span> <span class='ocrx_word' id='word_1_131' title='bbox 1105 1669 1136 1725; x_wconf 92' lang='lat' dir='ltr'><strong>in</strong></span> <span class='ocrx_word' id='word_1_132' title='bbox 1151 1664 1470 1743; x_wconf 87' lang='lat' dir='ltr'><strong>Wisenprvnnen</strong></span> <span class='ocrx_word' id='word_1_133' title='bbox 1485 1660 1623 1739; x_wconf 73' lang='lat' dir='ltr'><strong>dannanus</strong></span> <span class='ocrx_word' id='word_1_134' title='bbox 1640 1667 1709 1743; x_wconf 91' lang='lat' dir='ltr'><strong>epi-</strong></span> 
     </span>
     <span class='ocr_line' id='line_1_15' title="bbox 325 1746 1709 1829; baseline -0.003 -15"><span class='ocrx_word' id='word_1_135' title='bbox 325 1767 435 1829; x_wconf 84' lang='lat' dir='ltr'><strong>scopus</strong></span> <span class='ocrx_word' id='word_1_136' title='bbox 458 1754 488 1810; x_wconf 94' lang='lat' dir='ltr'><strong>in</strong></span> <span class='ocrx_word' id='word_1_137' title='bbox 505 1748 594 1810; x_wconf 87' lang='lat' dir='ltr'><strong>leode</strong></span> <span class='ocrx_word' id='word_1_138' title='bbox 611 1747 734 1810; x_wconf 89' lang='lat' dir='ltr'><strong>contulit</strong></span> <span class='ocrx_word' id='word_1_139' title='bbox 749 1752 847 1810; x_wconf 90' lang='lat' dir='ltr'><strong>comiti</strong></span> <span class='ocrx_word' id='word_1_140' title='bbox 870 1747 1035 1829; x_wconf 88' lang='lat' dir='ltr'><strong>sepedicto.</strong></span> <span class='ocrx_word' id='word_1_141' title='bbox 1077 1750 1124 1811; x_wconf 88' lang='lat' dir='ltr'><strong>Da</strong></span> <span class='ocrx_word' id='word_1_142' title='bbox 1145 1747 1312 1812; x_wconf 89' lang='lat' dir='ltr'><strong>hominibus</strong></span> <span class='ocrx_word' id='word_1_143' title='bbox 1328 1763 1401 1812; x_wconf 88' lang='lat' dir='ltr'><strong>vero</strong></span> <span class='ocrx_word' id='word_1_144' title='bbox 1418 1746 1709 1811; x_wconf 76' lang='lat' dir='ltr'><strong>swarzahensis</strong></span> 
     </span>
     <span class='ocr_line' id='line_1_16' title="bbox 326 1831 1712 1915; baseline -0.002 -17"><span class='ocrx_word' id='word_1_145' title='bbox 326 1835 466 1914; x_wconf 90' lang='lat' dir='ltr'><strong>ecclesie,</strong></span> <span class='ocrx_word' id='word_1_146' title='bbox 490 1837 541 1913; x_wconf 90' lang='lat' dir='ltr'><strong>qui</strong></span> <span class='ocrx_word' id='word_1_147' title='bbox 562 1851 641 1896; x_wconf 91' lang='lat' dir='ltr'><strong>nunc</strong></span> <span class='ocrx_word' id='word_1_148' title='bbox 663 1831 785 1913; x_wconf 85' lang='lat' dir='ltr'><strong>prelatis</strong></span> <span class='ocrx_word' id='word_1_149' title='bbox 809 1833 895 1896; x_wconf 91' lang='lat' dir='ltr'><strong>bonis</strong></span> <span class='ocrx_word' id='word_1_150' title='bbox 919 1838 1050 1915; x_wconf 88' lang='lat' dir='ltr'><strong>episcopi</strong></span> <span class='ocrx_word' id='word_1_151' title='bbox 1072 1836 1120 1896; x_wconf 80' lang='lat' dir='ltr'><strong>rel</strong></span> <span class='ocrx_word' id='word_1_152' title='bbox 1143 1839 1259 1897; x_wconf 90' lang='lat' dir='ltr'><strong>comilis</strong></span> <span class='ocrx_word' id='word_1_153' title='bbox 1281 1841 1352 1896; x_wconf 90' lang='lat' dir='ltr'><strong>sunt</strong></span> <span class='ocrx_word' id='word_1_154' title='bbox 1372 1837 1499 1910; x_wconf 84' lang='lat' dir='ltr'><strong>annexi,</strong></span> <span class='ocrx_word' id='word_1_155' title='bbox 1534 1839 1578 1894; x_wconf 88' lang='lat' dir='ltr'><strong>est</strong></span> <span class='ocrx_word' id='word_1_156' title='bbox 1611 1834 1712 1896; x_wconf 87' lang='lat' dir='ltr'><strong>taliter</strong></span> 
     </span>
     <span class='ocr_line' id='line_1_17' title="bbox 325 1915 1711 2000; baseline -0.001 -19"><span class='ocrx_word' id='word_1_157' title='bbox 325 1915 500 1999; x_wconf 79' lang='lat' dir='ltr'><strong>diffinitum,</strong></span> <span class='ocrx_word' id='word_1_158' title='bbox 533 1917 614 1998; x_wconf 82' lang='lat' dir='ltr'><strong>qurod</strong></span> <span class='ocrx_word' id='word_1_159' title='bbox 637 1918 744 1980; x_wconf 88' lang='lat' dir='ltr'><strong>milites</strong></span> <span class='ocrx_word' id='word_1_160' title='bbox 768 1936 891 1996; x_wconf 87' lang='lat' dir='ltr'><strong>omnes,</strong></span> <span class='ocrx_word' id='word_1_161' title='bbox 925 1937 1002 2000; x_wconf 89' lang='lat' dir='ltr'><strong>ques</strong></span> <span class='ocrx_word' id='word_1_162' title='bbox 1025 1919 1173 2000; x_wconf 91' lang='lat' dir='ltr'><strong>predictus</strong></span> <span class='ocrx_word' id='word_1_163' title='bbox 1202 1917 1439 1982; x_wconf 88' lang='lat' dir='ltr'><strong>Ludewicns</strong></span> <span class='ocrx_word' id='word_1_164' title='bbox 1473 1935 1575 1979; x_wconf 90' lang='lat' dir='ltr'><strong>comes</strong></span> <span class='ocrx_word' id='word_1_165' title='bbox 1606 1923 1711 1999; x_wconf 88' lang='lat' dir='ltr'><strong>quiete</strong></span> 
     </span>
     <span class='ocr_line' id='line_1_18' title="bbox 325 2001 1709 2086; baseline -0.001 -19"><span class='ocrx_word' id='word_1_166' title='bbox 325 2005 466 2086; x_wconf 83' lang='lat' dir='ltr'><strong>possedit,</strong></span> <span class='ocrx_word' id='word_1_167' title='bbox 490 2023 558 2066; x_wconf 89' lang='lat' dir='ltr'><strong>cum</strong></span> <span class='ocrx_word' id='word_1_168' title='bbox 579 2003 715 2085; x_wconf 90' lang='lat' dir='ltr'><strong>prolibus</strong></span> <span class='ocrx_word' id='word_1_169' title='bbox 739 2011 767 2064; x_wconf 88' lang='lat' dir='ltr'><strong>et</strong></span> <span class='ocrx_word' id='word_1_170' title='bbox 789 2004 932 2066; x_wconf 88' lang='lat' dir='ltr'><strong>uxoribus</strong></span> <span class='ocrx_word' id='word_1_171' title='bbox 954 2007 1097 2086; x_wconf 86' lang='lat' dir='ltr'><strong>ipsorum,</strong></span> <span class='ocrx_word' id='word_1_172' title='bbox 1121 2024 1197 2086; x_wconf 89' lang='lat' dir='ltr'><strong>quos</strong></span> <span class='ocrx_word' id='word_1_173' title='bbox 1221 2001 1326 2066; x_wconf 89' lang='lat' dir='ltr'><strong>cadem</strong></span> <span class='ocrx_word' id='word_1_174' title='bbox 1341 2005 1470 2066; x_wconf 91' lang='lat' dir='ltr'><strong>annectit</strong></span> <span class='ocrx_word' id='word_1_175' title='bbox 1486 2001 1627 2083; x_wconf 91' lang='lat' dir='ltr'><strong>conditio,</strong></span> <span class='ocrx_word' id='word_1_176' title='bbox 1650 2023 1709 2066; x_wconf 88' lang='lat' dir='ltr'><strong>vna</strong></span> 
     </span>
     <span class='ocr_line' id='line_1_19' title="bbox 325 2087 1710 2170; baseline -0.001 -18"><span class='ocrx_word' id='word_1_177' title='bbox 325 2107 393 2152; x_wconf 91' lang='lat' dir='ltr'><strong>cnm</strong></span> <span class='ocrx_word' id='word_1_178' title='bbox 415 2090 500 2152; x_wconf 90' lang='lat' dir='ltr'><strong>bonis</strong></span> <span class='ocrx_word' id='word_1_179' title='bbox 523 2087 665 2170; x_wconf 86' lang='lat' dir='ltr'><strong>predictis</strong></span> <span class='ocrx_word' id='word_1_180' title='bbox 688 2094 718 2150; x_wconf 92' lang='lat' dir='ltr'><strong>in</strong></span> <span class='ocrx_word' id='word_1_181' title='bbox 742 2088 830 2150; x_wconf 88' lang='lat' dir='ltr'><strong>leode</strong></span> <span class='ocrx_word' id='word_1_182' title='bbox 854 2095 952 2150; x_wconf 88' lang='lat' dir='ltr'><strong>comiti</strong></span> <span class='ocrx_word' id='word_1_183' title='bbox 974 2089 1208 2170; x_wconf 86' lang='lat' dir='ltr'><strong>permanebunt,</strong></span> <span class='ocrx_word' id='word_1_184' title='bbox 1231 2087 1343 2152; x_wconf 87' lang='lat' dir='ltr'><strong>residui</strong></span> <span class='ocrx_word' id='word_1_185' title='bbox 1367 2107 1488 2170; x_wconf 80' lang='lat' dir='ltr'><strong>queque</strong></span> <span class='ocrx_word' id='word_1_186' title='bbox 1511 2107 1614 2150; x_wconf 88' lang='lat' dir='ltr'><strong>omnes</strong></span> <span class='ocrx_word' id='word_1_187' title='bbox 1636 2089 1710 2150; x_wconf 85' lang='lat' dir='ltr'><strong>vbi-</strong></span> 
     </span>
     <span class='ocr_line' id='line_1_20' title="bbox 325 2175 1711 2256; baseline -0.001 -18"><span class='ocrx_word' id='word_1_188' title='bbox 325 2193 453 2256; x_wconf 84' lang='lat' dir='ltr'><strong>camqne</strong></span> <span class='ocrx_word' id='word_1_189' title='bbox 476 2183 622 2237; x_wconf 86' lang='lat' dir='ltr'><strong>terrarum</strong></span> <span class='ocrx_word' id='word_1_190' title='bbox 645 2175 752 2237; x_wconf 86' lang='lat' dir='ltr'><strong>luerint</strong></span> <span class='ocrx_word' id='word_1_191' title='bbox 774 2179 839 2236; x_wconf 92' lang='lat' dir='ltr'><strong>siue</strong></span> <span class='ocrx_word' id='word_1_192' title='bbox 862 2177 1059 2253; x_wconf 90' lang='lat' dir='ltr'><strong>militauerint,</strong></span> <span class='ocrx_word' id='word_1_193' title='bbox 1082 2177 1147 2237; x_wconf 91' lang='lat' dir='ltr'><strong>siue</strong></span> <span class='ocrx_word' id='word_1_194' title='bbox 1169 2193 1229 2238; x_wconf 87' lang='lat' dir='ltr'><strong>non</strong></span> <span class='ocrx_word' id='word_1_195' title='bbox 1253 2177 1459 2251; x_wconf 85' lang='lat' dir='ltr'><strong>militaverint,</strong></span> <span class='ocrx_word' id='word_1_196' title='bbox 1492 2179 1650 2236; x_wconf 90' lang='lat' dir='ltr'><strong>transeunt</strong></span> <span class='ocrx_word' id='word_1_197' title='bbox 1672 2175 1711 2236; x_wconf 89' lang='lat' dir='ltr'><strong>ad</strong></span> 
     </span>
     <span class='ocr_line' id='line_1_21' title="bbox 326 2259 1712 2341; baseline -0.001 -17"><span class='ocrx_word' id='word_1_198' title='bbox 326 2261 487 2324; x_wconf 88' lang='lat' dir='ltr'><strong>dominium</strong></span> <span class='ocrx_word' id='word_1_199' title='bbox 509 2265 644 2341; x_wconf 92' lang='lat' dir='ltr'><strong>episcopi</strong></span> <span class='ocrx_word' id='word_1_200' title='bbox 666 2259 812 2322; x_wconf 82' lang='lat' dir='ltr'><strong>absolute.</strong></span> <span class='ocrx_word' id='word_1_201' title='bbox 856 2260 1018 2339; x_wconf 90' lang='lat' dir='ltr'><strong>Preterea,</strong></span> <span class='ocrx_word' id='word_1_202' title='bbox 1050 2268 1083 2322; x_wconf 91' lang='lat' dir='ltr'><strong>nt</strong></span> <span class='ocrx_word' id='word_1_203' title='bbox 1112 2261 1202 2323; x_wconf 91' lang='lat' dir='ltr'><strong>nichil</strong></span> <span class='ocrx_word' id='word_1_204' title='bbox 1227 2261 1427 2324; x_wconf 86' lang='lat' dir='ltr'><strong>indiscussum</strong></span> <span class='ocrx_word' id='word_1_205' title='bbox 1449 2267 1621 2338; x_wconf 89' lang='lat' dir='ltr'><strong>remaneut,</strong></span> <span class='ocrx_word' id='word_1_206' title='bbox 1654 2279 1712 2341; x_wconf 91' lang='lat' dir='ltr'><strong>per</strong></span> 
     </span>
     <span class='ocr_line' id='line_1_22' title="bbox 326 2345 1714 2431; baseline -0.001 -21"><span class='ocrx_word' id='word_1_207' title='bbox 326 2347 414 2428; x_wconf 89' lang='lat' dir='ltr'><strong>quod</strong></span> <span class='ocrx_word' id='word_1_208' title='bbox 428 2351 525 2427; x_wconf 89' lang='lat' dir='ltr'><strong>possit</strong></span> <span class='ocrx_word' id='word_1_209' title='bbox 546 2346 749 2428; x_wconf 82' lang='lat' dir='ltr'><strong>redintegrate</strong></span> <span class='ocrx_word' id='word_1_210' title='bbox 772 2349 907 2408; x_wconf 90' lang='lat' dir='ltr'><strong>amicicie</strong></span> <span class='ocrx_word' id='word_1_211' title='bbox 930 2351 1080 2410; x_wconf 87' lang='lat' dir='ltr'><strong>serenitas</strong></span> <span class='ocrx_word' id='word_1_212' title='bbox 1103 2347 1291 2424; x_wconf 82' lang='lat' dir='ltr'><strong>obumbrati,</strong></span> <span class='ocrx_word' id='word_1_213' title='bbox 1320 2350 1501 2431; x_wconf 88' lang='lat' dir='ltr'><strong>promissum</strong></span> <span class='ocrx_word' id='word_1_214' title='bbox 1522 2345 1594 2424; x_wconf 84' lang='lat' dir='ltr'><strong>luit,</strong></span> <span class='ocrx_word' id='word_1_215' title='bbox 1628 2346 1714 2426; x_wconf 79' lang='lat' dir='ltr'><strong>quod</strong></span> 
     </span>
     <span class='ocr_line' id='line_1_23' title="bbox 326 2429 1711 2514; baseline 0 -20"><span class='ocrx_word' id='word_1_216' title='bbox 326 2433 463 2496; x_wconf 90' lang='lat' dir='ltr'><strong>dominus</strong></span> <span class='ocrx_word' id='word_1_217' title='bbox 485 2437 645 2514; x_wconf 91' lang='lat' dir='ltr'><strong>episcopus</strong></span> <span class='ocrx_word' id='word_1_218' title='bbox 668 2435 698 2494; x_wconf 91' lang='lat' dir='ltr'><strong>in</strong></span> <span class='ocrx_word' id='word_1_219' title='bbox 720 2435 870 2492; x_wconf 87' lang='lat' dir='ltr'><strong>ciuitatem</strong></span> <span class='ocrx_word' id='word_1_220' title='bbox 894 2429 1058 2512; x_wconf 86' lang='lat' dir='ltr'><strong>predictam</strong></span> <span class='ocrx_word' id='word_1_221' title='bbox 1081 2431 1286 2496; x_wconf 84' lang='lat' dir='ltr'><strong>Suarnach</strong></span> <span class='ocrx_word' id='word_1_222' title='bbox 1309 2431 1442 2494; x_wconf 90' lang='lat' dir='ltr'><strong>homines</strong></span> <span class='ocrx_word' id='word_1_223' title='bbox 1464 2435 1557 2512; x_wconf 91' lang='lat' dir='ltr'><strong>ipsius</strong></span> <span class='ocrx_word' id='word_1_224' title='bbox 1580 2435 1711 2510; x_wconf 86' lang='lat' dir='ltr'><strong>comitis,</strong></span> 
     </span>
     <span class='ocr_line' id='line_1_24' title="bbox 326 2513 1715 2601; baseline -0.001 -19"><span class='ocrx_word' id='word_1_225' title='bbox 326 2523 393 2583; x_wconf 91' lang='lat' dir='ltr'><strong>siue</strong></span> <span class='ocrx_word' id='word_1_226' title='bbox 415 2521 573 2600; x_wconf 90' lang='lat' dir='ltr'><strong>proprios,</strong></span> <span class='ocrx_word' id='word_1_227' title='bbox 596 2522 661 2578; x_wconf 91' lang='lat' dir='ltr'><strong>siue</strong></span> <span class='ocrx_word' id='word_1_228' title='bbox 694 2515 850 2578; x_wconf 84' lang='lat' dir='ltr'><strong>aduocatio</strong></span> <span class='ocrx_word' id='word_1_229' title='bbox 884 2515 939 2578; x_wconf 93' lang='lat' dir='ltr'><strong>sibi</strong></span> <span class='ocrx_word' id='word_1_230' title='bbox 961 2523 1057 2601; x_wconf 82' lang='lat' dir='ltr'><strong>gratia</strong></span> <span class='ocrx_word' id='word_1_231' title='bbox 1080 2524 1261 2597; x_wconf 89' lang='lat' dir='ltr'><strong>attinentes,</strong></span> <span class='ocrx_word' id='word_1_232' title='bbox 1295 2523 1325 2578; x_wconf 90' lang='lat' dir='ltr'><strong>et</strong></span> <span class='ocrx_word' id='word_1_233' title='bbox 1347 2531 1469 2580; x_wconf 87' lang='lat' dir='ltr'><strong>suorum</strong></span> <span class='ocrx_word' id='word_1_234' title='bbox 1492 2513 1627 2578; x_wconf 89' lang='lat' dir='ltr'><strong>hemines</strong></span> <span class='ocrx_word' id='word_1_235' title='bbox 1650 2536 1715 2580; x_wconf 87' lang='lat' dir='ltr'><strong>non</strong></span> 
     </span>
     <span class='ocr_line' id='line_1_25' title="bbox 327 2599 1713 2688; baseline -0.001 -22"><span class='ocrx_word' id='word_1_236' title='bbox 327 2605 459 2688; x_wconf 82' lang='lat' dir='ltr'><strong>colliget,</strong></span> <span class='ocrx_word' id='word_1_237' title='bbox 482 2621 542 2678; x_wconf 34' lang='lat' dir='ltr'><strong>nec,</strong></span> <span class='ocrx_word' id='word_1_238' title='bbox 563 2607 696 2684; x_wconf 86' lang='lat' dir='ltr'><strong>recipiet,</strong></span> <span class='ocrx_word' id='word_1_239' title='bbox 720 2607 777 2663; x_wconf 90' lang='lat' dir='ltr'><strong>nisi</strong></span> <span class='ocrx_word' id='word_1_240' title='bbox 800 2599 838 2662; x_wconf 90' lang='lat' dir='ltr'><strong>de</strong></span> <span class='ocrx_word' id='word_1_241' title='bbox 859 2600 939 2664; x_wconf 87' lang='lat' dir='ltr'><strong>bona</strong></span> <span class='ocrx_word' id='word_1_242' title='bbox 962 2604 1113 2665; x_wconf 89' lang='lat' dir='ltr'><strong>voluntate</strong></span> <span class='ocrx_word' id='word_1_243' title='bbox 1136 2605 1255 2666; x_wconf 84' lang='lat' dir='ltr'><strong>duxerit</strong></span> <span class='ocrx_word' id='word_1_244' title='bbox 1275 2601 1512 2683; x_wconf 88' lang='lat' dir='ltr'><strong>permittendum.</strong></span> <span class='ocrx_word' id='word_1_245' title='bbox 1550 2601 1713 2665; x_wconf 84' lang='lat' dir='ltr'><strong>Adiectum</strong></span> 
     </span>
     <span class='ocr_line' id='line_1_26' title="bbox 329 2685 1716 2770; baseline -0.001 -18"><span class='ocrx_word' id='word_1_246' title='bbox 329 2697 376 2752; x_wconf 92' lang='lat' dir='ltr'><strong>est</strong></span> <span class='ocrx_word' id='word_1_247' title='bbox 399 2693 497 2765; x_wconf 81' lang='lat' dir='ltr'><strong>eham,</strong></span> <span class='ocrx_word' id='word_1_248' title='bbox 522 2687 603 2767; x_wconf 85' lang='lat' dir='ltr'><strong>quod</strong></span> <span class='ocrx_word' id='word_1_249' title='bbox 625 2687 663 2750; x_wconf 92' lang='lat' dir='ltr'><strong>de</strong></span> <span class='ocrx_word' id='word_1_250' title='bbox 686 2689 859 2749; x_wconf 88' lang='lat' dir='ltr'><strong>limitatione</strong></span> <span class='ocrx_word' id='word_1_251' title='bbox 881 2693 958 2750; x_wconf 89' lang='lat' dir='ltr'><strong>inter</strong></span> <span class='ocrx_word' id='word_1_252' title='bbox 981 2687 1145 2751; x_wconf 87' lang='lat' dir='ltr'><strong>Kastelc</strong></span> <span class='ocrx_word' id='word_1_253' title='bbox 1170 2696 1199 2750; x_wconf 87' lang='lat' dir='ltr'><strong>el</strong></span> <span class='ocrx_word' id='word_1_254' title='bbox 1220 2685 1474 2770; x_wconf 89' lang='lat' dir='ltr'><strong>lpphehouen</strong></span> <span class='ocrx_word' id='word_1_255' title='bbox 1498 2693 1528 2748; x_wconf 89' lang='lat' dir='ltr'><strong>et</strong></span> <span class='ocrx_word' id='word_1_256' title='bbox 1551 2687 1716 2750; x_wconf 61' lang='lat' dir='ltr'><strong>Swane⁴</strong></span> 
     </span>
     <span class='ocr_line' id='line_1_27' title="bbox 326 2772 1711 2858; baseline 0.001 -23"><span class='ocrx_word' id='word_1_257' title='bbox 326 2774 442 2858; x_wconf 83' lang='lat' dir='ltr'><strong>berg,</strong></span> <span class='ocrx_word' id='word_1_258' title='bbox 466 2772 504 2834; x_wconf 90' lang='lat' dir='ltr'><strong>de</strong></span> <span class='ocrx_word' id='word_1_259' title='bbox 538 2791 596 2852; x_wconf 82' lang='lat' dir='ltr'><strong>qua</strong></span> <span class='ocrx_word' id='word_1_260' title='bbox 626 2773 736 2836; x_wconf 90' lang='lat' dir='ltr'><strong>diutius</strong></span> <span class='ocrx_word' id='word_1_261' title='bbox 760 2773 796 2834; x_wconf 93' lang='lat' dir='ltr'><strong>lis</strong></span> <span class='ocrx_word' id='word_1_262' title='bbox 818 2781 970 2853; x_wconf 83' lang='lat' dir='ltr'><strong>versatur,</strong></span> <span class='ocrx_word' id='word_1_263' title='bbox 994 2773 1132 2836; x_wconf 90' lang='lat' dir='ltr'><strong>dominus</strong></span> <span class='ocrx_word' id='word_1_264' title='bbox 1166 2780 1326 2855; x_wconf 88' lang='lat' dir='ltr'><strong>episcopus</strong></span> <span class='ocrx_word' id='word_1_265' title='bbox 1360 2779 1390 2834; x_wconf 90' lang='lat' dir='ltr'><strong>cl</strong></span> <span class='ocrx_word' id='word_1_266' title='bbox 1420 2789 1524 2835; x_wconf 88' lang='lat' dir='ltr'><strong>cernes</strong></span> <span class='ocrx_word' id='word_1_267' title='bbox 1554 2773 1711 2854; x_wconf 86' lang='lat' dir='ltr'><strong>predictus</strong></span> 
     </span>
     <span class='ocr_line' id='line_1_28' title="bbox 326 2853 1710 2944; baseline 0 -23"><span class='ocrx_word' id='word_1_268' title='bbox 326 2859 527 2940; x_wconf 88' lang='lat' dir='ltr'><strong>Rupertus</strong></span> <span class='ocrx_word' id='word_1_269' title='bbox 551 2864 580 2918; x_wconf 92' lang='lat' dir='ltr'><strong>in</strong></span> <span class='ocrx_word' id='word_1_270' title='bbox 602 2858 658 2921; x_wconf 90' lang='lat' dir='ltr'><strong>hos</strong></span> <span class='ocrx_word' id='word_1_271' title='bbox 681 2859 809 2922; x_wconf 88' lang='lat' dir='ltr'><strong>arbitros</strong></span> <span class='ocrx_word' id='word_1_272' title='bbox 830 2864 1116 2940; x_wconf 84' lang='lat' dir='ltr'><strong>corrrprorniserunt:</strong></span> <span class='ocrx_word' id='word_1_273' title='bbox 1139 2859 1402 2944; x_wconf 81' lang='lat' dir='ltr'><strong>Manigoldum</strong></span> <span class='ocrx_word' id='word_1_274' title='bbox 1425 2857 1463 2918; x_wconf 92' lang='lat' dir='ltr'><strong>de</strong></span> <span class='ocrx_word' id='word_1_275' title='bbox 1485 2853 1710 2938; x_wconf 85' lang='lat' dir='ltr'><strong>Wilperch,</strong></span> 
     </span>
     <span class='ocr_line' id='line_1_29' title="bbox 328 2941 1712 3008; baseline 0.001 -3"><span class='ocrx_word' id='word_1_276' title='bbox 328 2941 579 3005; x_wconf 87' lang='lat' dir='ltr'><strong>Gotelridum</strong></span> <span class='ocrx_word' id='word_1_277' title='bbox 602 2943 639 3005; x_wconf 90' lang='lat' dir='ltr'><strong>de</strong></span> <span class='ocrx_word' id='word_1_278' title='bbox 661 2943 882 3006; x_wconf 89' lang='lat' dir='ltr'><strong>Hohenloch</strong></span> <span class='ocrx_word' id='word_1_279' title='bbox 906 2952 936 3006; x_wconf 91' lang='lat' dir='ltr'><strong>el</strong></span> <span class='ocrx_word' id='word_1_280' title='bbox 957 2951 986 3007; x_wconf 93' lang='lat' dir='ltr'><strong>in</strong></span> <span class='ocrx_word' id='word_1_281' title='bbox 1008 2964 1098 3007; x_wconf 89' lang='lat' dir='ltr'><strong>vnum</strong></span> <span class='ocrx_word' id='word_1_282' title='bbox 1128 2945 1167 3007; x_wconf 91' lang='lat' dir='ltr'><strong>de</strong></span> <span class='ocrx_word' id='word_1_283' title='bbox 1199 2949 1350 3008; x_wconf 82' lang='lat' dir='ltr'><strong>carromcis</strong></span> <span class='ocrx_word' id='word_1_284' title='bbox 1380 2948 1501 3006; x_wconf 88' lang='lat' dir='ltr'><strong>maioris</strong></span> <span class='ocrx_word' id='word_1_285' title='bbox 1524 2946 1657 3006; x_wconf 88' lang='lat' dir='ltr'><strong>ecclesie</strong></span> <span class='ocrx_word' id='word_1_286' title='bbox 1680 2953 1712 3007; x_wconf 89' lang='lat' dir='ltr'><strong>el</strong></span> 
     </span>
     <span class='ocr_line' id='line_1_30' title="bbox 326 3029 1372 3110; baseline 0.001 -20"><span class='ocrx_word' id='word_1_287' title='bbox 326 3047 417 3090; x_wconf 91' lang='lat' dir='ltr'><strong>unum</strong></span> <span class='ocrx_word' id='word_1_288' title='bbox 439 3029 671 3107; x_wconf 88' lang='lat' dir='ltr'><strong>ministerialem,</strong></span> <span class='ocrx_word' id='word_1_289' title='bbox 695 3047 771 3109; x_wconf 86' lang='lat' dir='ltr'><strong>quos</strong></span> <span class='ocrx_word' id='word_1_290' title='bbox 794 3029 954 3110; x_wconf 89' lang='lat' dir='ltr'><strong>episcopus</strong></span> <span class='ocrx_word' id='word_1_291' title='bbox 976 3029 1146 3092; x_wconf 89' lang='lat' dir='ltr'><strong>decreuerit</strong></span> <span class='ocrx_word' id='word_1_292' title='bbox 1167 3030 1372 3093; x_wconf 88' lang='lat' dir='ltr'><strong>nominandos.</strong></span> 
     </span>
    </p>
   </div>
   <div class='ocr_carea' id='block_1_5' title="bbox 325 3141 1764 3656">
    <p class='ocr_par' dir='ltr' id='par_1_5' title="bbox 325 3141 1764 3656">
     <span class='ocr_line' id='line_1_31' title="bbox 453 3141 1712 3224; baseline 0.003 -22"><span class='ocrx_word' id='word_1_293' title='bbox 453 3141 510 3204; x_wconf 87' lang='lat' dir='ltr'><strong>Pro</strong></span> <span class='ocrx_word' id='word_1_294' title='bbox 533 3141 621 3222; x_wconf 92' lang='lat' dir='ltr'><strong>plena</strong></span> <span class='ocrx_word' id='word_1_295' title='bbox 643 3147 744 3222; x_wconf 90' lang='lat' dir='ltr'><strong>itaque</strong></span> <span class='ocrx_word' id='word_1_296' title='bbox 766 3142 968 3205; x_wconf 77' lang='lat' dir='ltr'><strong>satisfactione</strong></span> <span class='ocrx_word' id='word_1_297' title='bbox 992 3161 1189 3220; x_wconf 90' lang='lat' dir='ltr'><strong>excessuum,</strong></span> <span class='ocrx_word' id='word_1_298' title='bbox 1224 3161 1299 3223; x_wconf 90' lang='lat' dir='ltr'><strong>quos</strong></span> <span class='ocrx_word' id='word_1_299' title='bbox 1322 3147 1583 3224; x_wconf 89' lang='lat' dir='ltr'><strong>sepenominatus</strong></span> <span class='ocrx_word' id='word_1_300' title='bbox 1607 3161 1712 3206; x_wconf 79' lang='lat' dir='ltr'><strong>coines</strong></span> 
     </span>
     <span class='ocr_line' id='line_1_32' title="bbox 326 3225 1710 3311; baseline 0.001 -22"><span class='ocrx_word' id='word_1_301' title='bbox 326 3225 520 3308; x_wconf 83' lang='lat' dir='ltr'><strong>hupertus</strong></span> <span class='ocrx_word' id='word_1_302' title='bbox 544 3235 647 3290; x_wconf 87' lang='lat' dir='ltr'><strong>contra</strong></span> <span class='ocrx_word' id='word_1_303' title='bbox 671 3232 844 3309; x_wconf 91' lang='lat' dir='ltr'><strong>episcopum</strong></span> <span class='ocrx_word' id='word_1_304' title='bbox 867 3235 906 3300; x_wconf 53' lang='lat' dir='ltr'><strong>el,</strong></span> <span class='ocrx_word' id='word_1_305' title='bbox 920 3229 1079 3292; x_wconf 87' lang='lat' dir='ltr'><strong>ecclesiam</strong></span> <span class='ocrx_word' id='word_1_306' title='bbox 1104 3236 1218 3290; x_wconf 88' lang='lat' dir='ltr'><strong>temere</strong></span> <span class='ocrx_word' id='word_1_307' title='bbox 1239 3234 1348 3310; x_wconf 90' lang='lat' dir='ltr'><strong>rapinis</strong></span> <span class='ocrx_word' id='word_1_308' title='bbox 1372 3233 1403 3290; x_wconf 88' lang='lat' dir='ltr'><strong>ei</strong></span> <span class='ocrx_word' id='word_1_309' title='bbox 1414 3228 1561 3290; x_wconf 91' lang='lat' dir='ltr'><strong>incendiis</strong></span> <span class='ocrx_word' id='word_1_310' title='bbox 1577 3235 1710 3311; x_wconf 90' lang='lat' dir='ltr'><strong>attemp-</strong></span> 
     </span>
     <span class='ocr_line' id='line_1_33' title="bbox 325 3311 1764 3396; baseline 0.001 -21"><span class='ocrx_word' id='word_1_311' title='bbox 325 3317 407 3390; x_wconf 90' lang='lat' dir='ltr'><strong>tauit,</strong></span> <span class='ocrx_word' id='word_1_312' title='bbox 431 3320 560 3374; x_wconf 89' lang='lat' dir='ltr'><strong>castrum</strong></span> <span class='ocrx_word' id='word_1_313' title='bbox 583 3311 799 3396; x_wconf 85' lang='lat' dir='ltr'><strong>Halleberg</strong></span> <span class='ocrx_word' id='word_1_314' title='bbox 821 3332 879 3375; x_wconf 89' lang='lat' dir='ltr'><strong>vna</strong></span> <span class='ocrx_word' id='word_1_315' title='bbox 902 3332 970 3375; x_wconf 93' lang='lat' dir='ltr'><strong>cum</strong></span> <span class='ocrx_word' id='word_1_316' title='bbox 991 3331 1088 3376; x_wconf 86' lang='lat' dir='ltr'><strong>uxore</strong></span> <span class='ocrx_word' id='word_1_317' title='bbox 1111 3333 1166 3376; x_wconf 91' lang='lat' dir='ltr'><strong>sua</strong></span> <span class='ocrx_word' id='word_1_318' title='bbox 1187 3333 1276 3376; x_wconf 87' lang='lat' dir='ltr'><strong>manu</strong></span> <span class='ocrx_word' id='word_1_319' title='bbox 1298 3311 1424 3376; x_wconf 85' lang='lat' dir='ltr'><strong>adunata</strong></span> <span class='ocrx_word' id='word_1_320' title='bbox 1445 3317 1711 3396; x_wconf 82' lang='lat' dir='ltr'><strong>improprietatem</strong></span> <span class='ocrx_word' id='word_1_321' title='bbox 1762 3387 1764 3392; x_wconf 23' lang='lat'><strong>¹</strong></span> 
     </span>
     <span class='ocr_line' id='line_1_34' title="bbox 327 3395 1710 3480; baseline 0.003 -21"><span class='ocrx_word' id='word_1_322' title='bbox 327 3395 546 3479; x_wconf 84' lang='lat' dir='ltr'><strong>herbipolensis</strong></span> <span class='ocrx_word' id='word_1_323' title='bbox 580 3399 712 3462; x_wconf 90' lang='lat' dir='ltr'><strong>ecclesie</strong></span> <span class='ocrx_word' id='word_1_324' title='bbox 739 3399 856 3461; x_wconf 91' lang='lat' dir='ltr'><strong>tradidit</strong></span> <span class='ocrx_word' id='word_1_325' title='bbox 886 3405 916 3460; x_wconf 92' lang='lat' dir='ltr'><strong>et</strong></span> <span class='ocrx_word' id='word_1_326' title='bbox 939 3399 975 3460; x_wconf 89' lang='lat' dir='ltr'><strong>ab</strong></span> <span class='ocrx_word' id='word_1_327' title='bbox 999 3403 1141 3480; x_wconf 88' lang='lat' dir='ltr'><strong>episcopo</strong></span> <span class='ocrx_word' id='word_1_328' title='bbox 1176 3405 1206 3462; x_wconf 90' lang='lat' dir='ltr'><strong>in</strong></span> <span class='ocrx_word' id='word_1_329' title='bbox 1238 3399 1328 3462; x_wconf 85' lang='lat' dir='ltr'><strong>feodo</strong></span> <span class='ocrx_word' id='word_1_330' title='bbox 1363 3405 1505 3480; x_wconf 87' lang='lat' dir='ltr'><strong>suscepit.</strong></span> <span class='ocrx_word' id='word_1_331' title='bbox 1550 3399 1587 3460; x_wconf 88' lang='lat' dir='ltr'><strong>Vt</strong></span> <span class='ocrx_word' id='word_1_332' title='bbox 1610 3407 1710 3462; x_wconf 88' lang='lat' dir='ltr'><strong>autem</strong></span> 
     </span>
     <span class='ocr_line' id='line_1_35' title="bbox 326 3483 1710 3566; baseline 0.001 -21"><span class='ocrx_word' id='word_1_333' title='bbox 326 3483 413 3545; x_wconf 91' lang='lat' dir='ltr'><strong>huius</strong></span> <span class='ocrx_word' id='word_1_334' title='bbox 436 3490 606 3546; x_wconf 89' lang='lat' dir='ltr'><strong>contractus</strong></span> <span class='ocrx_word' id='word_1_335' title='bbox 629 3483 751 3546; x_wconf 88' lang='lat' dir='ltr'><strong>firmitas</strong></span> <span class='ocrx_word' id='word_1_336' title='bbox 773 3491 969 3565; x_wconf 88' lang='lat' dir='ltr'><strong>perseueret,</strong></span> <span class='ocrx_word' id='word_1_337' title='bbox 1002 3483 1079 3545; x_wconf 89' lang='lat' dir='ltr'><strong>hane</strong></span> <span class='ocrx_word' id='word_1_338' title='bbox 1101 3493 1211 3564; x_wconf 81' lang='lat' dir='ltr'><strong>cartam</strong></span> <span class='ocrx_word' id='word_1_339' title='bbox 1233 3483 1343 3546; x_wconf 90' lang='lat' dir='ltr'><strong>domini</strong></span> <span class='ocrx_word' id='word_1_340' title='bbox 1366 3489 1499 3566; x_wconf 89' lang='lat' dir='ltr'><strong>episcopi</strong></span> <span class='ocrx_word' id='word_1_341' title='bbox 1523 3493 1553 3547; x_wconf 91' lang='lat' dir='ltr'><strong>et</strong></span> <span class='ocrx_word' id='word_1_342' title='bbox 1576 3486 1710 3548; x_wconf 88' lang='lat' dir='ltr'><strong>ecclesie</strong></span> 
     </span>
     <span class='ocr_line' id='line_1_36' title="bbox 327 3568 1520 3656; baseline 0.001 -24"><span class='ocrx_word' id='word_1_343' title='bbox 327 3577 357 3632; x_wconf 91' lang='lat' dir='ltr'><strong>et</strong></span> <span class='ocrx_word' id='word_1_344' title='bbox 378 3569 488 3631; x_wconf 90' lang='lat' dir='ltr'><strong>dueis</strong></span> <span class='ocrx_word' id='word_1_345' title='bbox 512 3568 692 3648; x_wconf 87' lang='lat' dir='ltr'><strong>Bawarie,</strong></span> <span class='ocrx_word' id='word_1_346' title='bbox 716 3587 854 3631; x_wconf 91' lang='lat' dir='ltr'><strong>necnon</strong></span> <span class='ocrx_word' id='word_1_347' title='bbox 876 3573 970 3650; x_wconf 93' lang='lat' dir='ltr'><strong>ipsius</strong></span> <span class='ocrx_word' id='word_1_348' title='bbox 993 3575 1092 3632; x_wconf 91' lang='lat' dir='ltr'><strong>comiti</strong></span> <span class='ocrx_word' id='word_1_349' title='bbox 1113 3571 1219 3656; x_wconf 85' lang='lat' dir='ltr'><strong>sigillis</strong></span> <span class='ocrx_word' id='word_1_350' title='bbox 1240 3571 1352 3652; x_wconf 89' lang='lat' dir='ltr'><strong>placuit</strong></span> <span class='ocrx_word' id='word_1_351' title='bbox 1374 3570 1520 3633; x_wconf 89' lang='lat' dir='ltr'><strong>roborari.</strong></span> 
     </span>
    </p>
   </div>
   <div class='ocr_carea' id='block_1_6' title="bbox 327 3697 1710 4124">
    <p class='ocr_par' dir='ltr' id='par_1_6' title="bbox 327 3697 1710 4124">
     <span class='ocr_line' id='line_1_37' title="bbox 454 3697 1710 3782; baseline 0.002 -22"><span class='ocrx_word' id='word_1_352' title='bbox 454 3697 547 3760; x_wconf 90' lang='lat' dir='ltr'><strong>lluius</strong></span> <span class='ocrx_word' id='word_1_353' title='bbox 562 3702 607 3760; x_wconf 89' lang='lat' dir='ltr'><strong>rei</strong></span> <span class='ocrx_word' id='word_1_354' title='bbox 621 3705 716 3762; x_wconf 90' lang='lat' dir='ltr'><strong>testes</strong></span> <span class='ocrx_word' id='word_1_355' title='bbox 728 3705 813 3759; x_wconf 90' lang='lat' dir='ltr'><strong>sunt:</strong></span> <span class='ocrx_word' id='word_1_356' title='bbox 837 3697 906 3760; x_wconf 88' lang='lat' dir='ltr'><strong>Otto</strong></span> <span class='ocrx_word' id='word_1_357' title='bbox 930 3704 1023 3762; x_wconf 91' lang='lat' dir='ltr'><strong>maior</strong></span> <span class='ocrx_word' id='word_1_358' title='bbox 1038 3707 1067 3762; x_wconf 91' lang='lat' dir='ltr'><strong>et</strong></span> <span class='ocrx_word' id='word_1_359' title='bbox 1081 3706 1153 3762; x_wconf 90' lang='lat' dir='ltr'><strong>noui</strong></span> <span class='ocrx_word' id='word_1_360' title='bbox 1168 3704 1340 3762; x_wconf 79' lang='lat' dir='ltr'><strong>inerrasterii</strong></span> <span class='ocrx_word' id='word_1_361' title='bbox 1354 3707 1534 3782; x_wconf 88' lang='lat' dir='ltr'><strong>prepositus,</strong></span> <span class='ocrx_word' id='word_1_362' title='bbox 1557 3701 1710 3764; x_wconf 80' lang='lat' dir='ltr'><strong>Arnoldus</strong></span> 
     </span>
     <span class='ocr_line' id='line_1_38' title="bbox 327 3781 1709 3865; baseline 0.004 -21"><span class='ocrx_word' id='word_1_363' title='bbox 327 3783 470 3862; x_wconf 89' lang='lat' dir='ltr'><strong>decanus,</strong></span> <span class='ocrx_word' id='word_1_364' title='bbox 493 3783 662 3848; x_wconf 86' lang='lat' dir='ltr'><strong>Fridericus</strong></span> <span class='ocrx_word' id='word_1_365' title='bbox 687 3790 798 3862; x_wconf 90' lang='lat' dir='ltr'><strong>cantor,</strong></span> <span class='ocrx_word' id='word_1_366' title='bbox 821 3781 1101 3862; x_wconf 88' lang='lat' dir='ltr'><strong>Heinricuscustos,</strong></span> <span class='ocrx_word' id='word_1_367' title='bbox 1123 3785 1514 3865; x_wconf 82' lang='lat' dir='ltr'><strong>Albertusdelllalthusen,</strong></span> <span class='ocrx_word' id='word_1_368' title='bbox 1537 3784 1709 3849; x_wconf 87' lang='lat' dir='ltr'><strong>Fridericus</strong></span> 
     </span>
     <span class='ocr_line' id='line_1_39' title="bbox 327 3867 1710 3937; baseline -0.001 -4"><span class='ocrx_word' id='word_1_369' title='bbox 327 3869 511 3934; x_wconf 85' lang='lat' dir='ltr'><strong>etAlbsrtus</strong></span> <span class='ocrx_word' id='word_1_370' title='bbox 534 3868 640 3932; x_wconf 86' lang='lat' dir='ltr'><strong>iratres</strong></span> <span class='ocrx_word' id='word_1_371' title='bbox 663 3869 701 3932; x_wconf 90' lang='lat' dir='ltr'><strong>de</strong></span> <span class='ocrx_word' id='word_1_372' title='bbox 723 3867 901 3932; x_wconf 88' lang='lat' dir='ltr'><strong>Grindelach</strong></span> <span class='ocrx_word' id='word_1_373' title='bbox 923 3875 1060 3932; x_wconf 88' lang='lat' dir='ltr'><strong>canonici</strong></span> <span class='ocrx_word' id='word_1_374' title='bbox 1082 3875 1203 3933; x_wconf 85' lang='lat' dir='ltr'><strong>maioris</strong></span> <span class='ocrx_word' id='word_1_375' title='bbox 1227 3871 1367 3933; x_wconf 86' lang='lat' dir='ltr'><strong>ecclesie.</strong></span> <span class='ocrx_word' id='word_1_376' title='bbox 1412 3871 1507 3937; x_wconf 82' lang='lat' dir='ltr'><strong>Laici:</strong></span> <span class='ocrx_word' id='word_1_377' title='bbox 1531 3871 1710 3935; x_wconf 86' lang='lat' dir='ltr'><strong>Ludcwicus</strong></span> 
     </span>
     <span class='ocr_line' id='line_1_40' title="bbox 327 3953 1710 4040; baseline 0.002 -22"><span class='ocrx_word' id='word_1_378' title='bbox 327 3953 545 4032; x_wconf 89' lang='lat' dir='ltr'><strong>duxBawarie,</strong></span> <span class='ocrx_word' id='word_1_379' title='bbox 567 3953 746 4019; x_wconf 86' lang='lat' dir='ltr'><strong>Ludewicus</strong></span> <span class='ocrx_word' id='word_1_380' title='bbox 763 3973 865 4018; x_wconf 88' lang='lat' dir='ltr'><strong>comes</strong></span> <span class='ocrx_word' id='word_1_381' title='bbox 880 3955 919 4016; x_wconf 89' lang='lat' dir='ltr'><strong>da</strong></span> <span class='ocrx_word' id='word_1_382' title='bbox 930 3953 1091 4032; x_wconf 72' lang='lat' dir='ltr'><strong>meleone,</strong></span> <span class='ocrx_word' id='word_1_383' title='bbox 1116 3955 1516 4040; x_wconf 77' lang='lat' dir='ltr'><strong>Cumanusneirimpercn,</strong></span> <span class='ocrx_word' id='word_1_384' title='bbox 1537 3957 1710 4022; x_wconf 89' lang='lat' dir='ltr'><strong>Waltherus</strong></span> 
     </span>
     <span class='ocr_line' id='line_1_41' title="bbox 328 4038 1709 4124; baseline 0.004 -24"><span class='ocrx_word' id='word_1_385' title='bbox 328 4038 366 4100; x_wconf 92' lang='lat' dir='ltr'><strong>de</strong></span> <span class='ocrx_word' id='word_1_386' title='bbox 388 4039 598 4124; x_wconf 81' lang='lat' dir='ltr'><strong>Langcuberg,</strong></span> <span class='ocrx_word' id='word_1_387' title='bbox 623 4039 778 4103; x_wconf 89' lang='lat' dir='ltr'><strong>Cunradus</strong></span> <span class='ocrx_word' id='word_1_388' title='bbox 801 4047 832 4102; x_wconf 90' lang='lat' dir='ltr'><strong>et</strong></span> <span class='ocrx_word' id='word_1_389' title='bbox 853 4041 996 4103; x_wconf 83' lang='lat' dir='ltr'><strong>Albertus</strong></span> <span class='ocrx_word' id='word_1_390' title='bbox 1020 4042 1128 4104; x_wconf 82' lang='lat' dir='ltr'><strong>iratres</strong></span> <span class='ocrx_word' id='word_1_391' title='bbox 1150 4041 1188 4103; x_wconf 92' lang='lat' dir='ltr'><strong>de</strong></span> <span class='ocrx_word' id='word_1_392' title='bbox 1210 4041 1310 4120; x_wconf 84' lang='lat' dir='ltr'><strong>Ense,</strong></span> <span class='ocrx_word' id='word_1_393' title='bbox 1334 4041 1488 4108; x_wconf 84' lang='lat' dir='ltr'><strong>Cunradus</strong></span> <span class='ocrx_word' id='word_1_394' title='bbox 1511 4044 1550 4108; x_wconf 89' lang='lat' dir='ltr'><strong>de</strong></span> <span class='ocrx_word' id='word_1_395' title='bbox 1572 4043 1709 4108; x_wconf 86' lang='lat' dir='ltr'><strong>Nuwen·</strong></span> 
     </span>
    </p>
   </div>
   <div class='ocr_carea' id='block_1_7' title="bbox 0 0 1892 4728">
    <p class='ocr_par' dir='ltr' id='par_1_7' title="bbox 0 0 1892 4728">
     <span class='ocr_line' id='line_1_42' title="bbox 0 0 1892 4728; baseline 0 0"><span class='ocrx_word' id='word_1_396' title='bbox 0 0 1892 4728; x_wconf 95' lang='lat' dir='ltr'><strong> </strong></span> 
     </span>
    </p>
   </div>
  </div>
 </body>
</html>
