3776 4730
594 477 815 578 episcopatus
840 475 1137 578 wirpibirrgensis.
1490 471 1566 556 429

185 677 401 744 substituentur
424 677 491 744 loco
515 678 735 762 decedentium,
759 701 836 764 quos
860 686 1020 764 episcopus
1053 680 1173 744 duxerit
1196 681 1404 764 acceptandus.
1447 681 1572 764 lnsupcr

184 785 268 829 vsum
291 768 459 849 vectigalis,
483 769 563 848 quod
578 771 716 850 rugeli
739 769 855 857 dicitur,
879 775 908 830 in
923 774 1042 831 ciuitate
1057 769 1261 850 herbipolensi
1276 773 1434 850 episcopus
1451 767 1572 830 habebit

183 873 200 914 a
222 857 359 934 proximo
383 853 460 916 lesio
481 853 655 917 Michaholis
679 855 715 918 ad
738 864 808 917 ocio
825 849 923 916 ordrds
946 856 1113 918 continuos.
1146 854 1219 932 ltem
1235 858 1334 917 omnia
1350 855 1475 934 dampna
1491 854 1570 916 lacta

181 943 325 1000 incuriis
349 939 527 1002 elericorum
560 941 835 1022 herbipolensium,
871 945 895 1002 si
927 945 957 1002 in
985 939 1110 1004 edificiis
1142 947 1211 1004 suut
1243 941 1342 1020 illata,
1375 934 1570 1002 restituentur

182 1022 349 1087 secundum
372 1024 451 1106 quod
475 1027 606 1088 arbitrati
629 1025 740 1088 lueiint
761 1027 799 1090 iu.
824 1027 862 1088 dc
881 1025 1148 1092 nonenim-cn
1170 1031 1341 1108 prepositus
1374 1031 1404 1088 in
1434 1025 1570 1110 llauge
1635 1081 1636 1088 ,

183 1117 212 1170 et
233 1109 486 1174 Eclreliardus
510 1113 547 1173 dc
571 1111 837 1174 lleidenheim.
883 1113 980 1194 Super
1001 1112 1058 1174 lios
1082 1117 1139 1174 crit
1153 1111 1285 1175 decanus
1302 1116 1371 1175 noui
1387 1116 1568 1183 monasterii,

182 1203 212 1258 et
234 1201 261 1260 si
282 1196 323 1258 illi
346 1194 565 1276 discordarent,
589 1204 636 1259 cui
658 1203 724 1278 lpse
740 1203 942 1282 consenserit,
964 1197 1100 1262 standum
1114 1203 1187 1273 erit3
1211 1198 1266 1262 sed
1288 1203 1315 1260 si
1330 1204 1486 1280 exportata
1501 1206 1570 1260 sunt

181 1282 280 1363 aliqua
303 1281 341 1344 de
364 1287 466 1362 curiiS,
490 1290 516 1346 si
539 1289 657 1364 questio
680 1285 770 1348 luerit
793 1277 830 1345 de
853 1280 922 1364 illis,
945 1281 1087 1348 credetur
1109 1283 1411 1347 laudlieclericorurn
1434 1284 1569 1366 proban-

181 1367 259 1430 tibus
282 1366 440 1449 dampnum
464 1389 517 1450 per
536 1371 745 1452 jurameutum.
787 1364 823 1434 ‘Si
835 1369 985 1432 'familiam
998 1389 1058 1433 nou
1073 1369 1182 1432 habent
1195 1371 1307 1450 clerici,
1330 1375 1386 1452 ipsi
1401 1369 1570 1451 probabunt

180 1457 301 1536 proprio
321 1449 492 1534 juramento
516 1463 546 1518 ct
568 1461 612 1518 sic
635 1455 755 1518 soluent
778 1461 862 1520 ciucs
879 1461 1042 1518 memorati.
1066 1455 1112 1518 De
1135 1455 1271 1537 dampnis
1292 1455 1450 1519 abbatis
1474 1462 1569 1518 sancti

180 1537 385 1601 Bnrclrardi
408 1537 518 1602 dictum
541 1550 599 1620 cst,
622 1541 703 1622 quod
725 1545 810 1603 cloes
832 1541 963 1620 lactent,
996 1539 1137 1622 quicquid
1162 1541 1354 1604 decreuerint
1386 1541 1569 1605 venerabilis

179 1624 274 1688 irater
296 1625 348 1687 Al.
372 1624 523 1705 quotidem
544 1633 761 1708 ratisponensis
794 1633 953 1708 episcopus
989 1634 1018 1688 ci
1052 1645 1109 1690 nos
1131 1626 1166 1689 H.
1200 1626 1238 1690 de
1261 1627 1450 1696 Brumalre.
1495 1627 1569 1692 lteru

181 1709 404 1774 Sintramus
428 1719 458 1772 et
480 1713 529 1776 alii
553 1713 711 1776 familiares
739 1719 890 1794 episcopi,
922 1717 989 1776 siue
1013 1717 1074 1776 sint
1096 1712 1253 1776 Christiani
1283 1719 1350 1777 siue
1379 1714 1485 1788 iudei,
1518 1718 1570 1794 qui

180 1797 298 1878 expulsi
320 1805 390 1858 suni
412 1795 450 1858 de
473 1803 602 1878 ciuitate,
626 1799 763 1861 redibunt
784 1805 814 1860 iu
838 1803 988 1861 ciuitatem
1013 1805 1043 1860 et
1064 1797 1238 1882 gaudebunt
1254 1797 1368 1862 honore
1384 1807 1413 1862 ei
1432 1800 1569 1863 libertate

179 1901 247 1950 sua.
290 1881 322 1946 Si
344 1890 444 1948 autem
466 1885 557 1964 aliqui
579 1890 688 1950 ciuium
711 1885 869 1956 habuerint
890 1885 1004 1966 aliquot
1026 1885 1278 1966 querelecontra
1290 1890 1384 1968 ipsos,
1407 1890 1569 1972 episcopus

179 1969 257 2032 lianc
279 1967 446 2030 terminabit
466 1970 649 2034 familiariter
673 1978 703 2032 et
725 1977 886 2054 componet.
930 1969 1003 2032 ltem
1026 1975 1232 2034 renunciatum
1259 1978 1304 2034 est
1325 1977 1476 2054 utrimque
1499 1990 1568 2034 om·

178 2053 266 2117 nibus
290 2051 423 2136 dampnis
445 2063 547 2138 preter
571 2077 617 2138 ea,
639 2061 860 2156 quepremissa
876 2063 953 2133 suni,
977 2060 1043 2118 siue
1068 2059 1168 2118 sintin
1183 2055 1285 2136 rebus,
1306 2046 1373 2119 'siue
1388 2056 1416 2120 in
1432 2058 1569 2140 personis

180 2147 231 2203 aut
254 2141 488 2222 aliiercumquc,
512 2149 542 2203 et
564 2143 694 2206 totaliter
717 2149 786 2204 suni
809 2141 951 2219 dimissa,
974 2139 1055 2222 quod
1078 2145 1229 2224 ndrrque'm
1260 2143 1370 2206 debent
1399 2141 1435 2206 ab
1468 2143 1568 2224 adqui)

179 2229 209 2288 in
230 2231 386 2307 posterum
407 2231 558 2291 renouari.
600 2227 674 2290 ltcm
697 2231 780 2289 ciues
803 2229 1048 2310 propugnacula,
1083 2227 1197 2290 lossita
1230 2235 1259 2289 et
1282 2229 1567 2308 alias'ruunitidnds',

179 2326 256 2400 quas
279 2315 440 2376 occasione
461 2332 566 2397 gwere
589 2321 824 2376 construxerunt
846 2312 884 2374 de
906 2328 999 2390 nouo,
1022 2307 1396 2395 destnrerrtatdopcnant.
1418 2315 1568 2378 thetfflir

178 2415 308 2479 presens
331 2397 426 2461 lorma
448 2398 582 2480 predicta
610 2399 728 2462 domino
759 2405 902 2480 episcopo
936 2405 966 2460 et
997 2399 1226 2465 successoribus
1262 2405 1326 2462 suis
1358 2401 1569 2466 inviolabiliter

179 2483 380 2563 obseruetur,
412 2483 471 2548 duo
505 2490 586 2566 paria
608 2485 774 2548 litterarum
796 2483 932 2548 eiusdem
954 2488 1066 2546 tenoris
1098 2485 1136 2564 de
1159 2483 1252 2568 uerbo
1282 2483 1319 2548 ad
1342 2485 1466 2552 verbum
1488 2505 1566 2550 cou-

178 2574 291 2654 scripta
314 2577 391 2650 suut,
414 2589 541 2652 quorum
563 2589 651 2634 vuum
672 2578 807 2634 remanet
818 2577 888 2654 aput
904 2573 1087 2652 episcopum,
1111 2565 1190 2632 aliud
1206 2569 1283 2664 apud
1297 2575 1391 2652 ciues,
1415 2579 1445 2632 et
1458 2560 1568 2655 ‘sigilis

178 2655 361 2718 venerabilis
384 2653 483 2720 fratris
506 2650 554 2720 bl.
588 2656 737 2738 quondam
769 2658 986 2738 ratisponensis
1010 2655 1164 2736 episcopi,
1194 2651 1265 2718 Ber.
1298 2648 1423 2736 decani,
1456 2647 1494 2720 Μ.
1529 2657 1568 2719 de

179 2738 389 2805 Nuwenburclr
411 2748 556 2824 prepositi
577 2747 608 2804 iu
630 2743 748 2827 Hauqe,
771 2745 864 2806 nostri
887 2747 917 2803 ei
939 2739 1081 2802 nobilium
1102 2737 1246 2822 plurium,
1277 2747 1331 2823 'qui
1357 2740 1566 2825 'composicioili

179 2825 399 2906 interfuerunt,
433 2826 557 2890 firmiter
580 2833 768 2892 communita.
813 2829 922 2891 Actum
956 2841 1034 2889 anno
1068 2826 1179 2890 denunt
1206 2827 1244 2890 ui.
1278 2826 1334 2890 CO.
1356 2827 1417 2892 LX.
1451 2831 1565 2913 thilttr,

180 2917 306 2997 septimo
328 2913 473 2977 lrelcndas
497 2915 690 2995 Septembris.

391 3077 573 3167 Append'ent
593 3085 690 3148 adlruc
711 3091 827 3166 septem
849 3087 959 3170 simlia,
981 3089 1086 3167 partim
1108 3084 1201 3150 laesa.

368 3195 508 3262 'uuum
535 3203 567 3262 ln
587 3197 701 3283 laeger
723 3197 903 3264 Gescliicbte
924 3199 1151 3265 Fraulreulands
1179 3199 1227 3264 lll.
1257 3217 1286 3282 p.
1308 3195 1373 3266 435
1392 3197 1444 3268 Nr.
1463 3197 1565 3266 ritu.

395 3309 422 3388 ¹)
444 3310 499 3375 llic
521 3317 616 3396 spatia
637 3313 743 3377 relicta
765 3319 843 3376 suut.
