3776 4730
803 944 805 952 ι
916 885 1118 982 ,ΟὓΧΧῙΙΙι

791 1087 882 1152 Anno
907 1085 1017 1172 lete,
1040 1081 1069 1151 6.
1093 1086 1242 1168 Octobris.

330 1241 536 1354 Bartholdus
572 1276 770 1372 episcopus„
798 1252 1049 1372 herbipolensis
1091 1283 1237 1346 castrum
1272 1269 1492 1344 Windeheim
1527 1290 1602 1338 cnm
1640 1268 1713 1338 suis

329 1375 562 1470 perfineniiis‚
598 1377 807 1468 resignatum
841 1375 904 1446 sihi
931 1399 950 1448 a
976 1371 1160 1448 budcwico
1188 1373 1230 1446 de
1256 1370 1494 1458 Windebeirn
1528 1369 1712 1444 conventui

635 1468 834 1568 ebracensis
860 1475 1059 1548 monasterii
1083 1475 1117 1546 in
1141 1475 1314 1573 proprium
1342 1471 1408 1544 dat.
1468 1549 1471 1553 ,

368 1669 371 1672 ’
415 1669 646 1738 Bertholdus
676 1673 724 1736 dei
755 1681 849 1760 gratia
879 1667 1099 1758 herbipolensis
1129 1679 1299 1756 episcopus.
1351 1673 1556 1736 insinuatione
1579 1685 1711 1751 prason-

329 1761 402 1819 tiurn
425 1765 525 1820 notum
549 1775 618 1824 esse
642 1761 778 1824 volumus
799 1769 857 1824 tarn
881 1765 1029 1844 presentis
1056 1766 1142 1823 atatis
1165 1779 1253 1842 quarn
1277 1759 1376 1822 lutura
1399 1760 1559 1840 posteraiis
1582 1756 1712 1818 hornini-

330 1843 405 1922 buS,
434 1843 532 1924 quod,
563 1851 630 1906 curn
653 1845 889 1909 Lndewicus
919 1846 959 1910 dc
981 1847 1225 1909 Windehairn
1253 1863 1292 1908 ex
1322 1847 1517 1926 inspiratione
1540 1842 1639 1904 dianna
1660 1841 1714 1902 ln-

330 1928 504 1991 intenderet
533 1930 570 1992 ad
602 1929 755 2015 religionis
784 1932 914 1996 habiturn
945 1933 1139 1996 eberacensis
1163 1933 1280 1996 cenobii
1302 1931 1520 2013 cysterciensis
1541 1927 1657 1990 orrbnis
1677 1943 1715 1988 se

330 2013 514 2084 transferre,
545 2022 674 2080 casuum
695 2035 781 2080 suurn
805 2017 1169 2082 Schonenbrunnen
1194 2037 1262 2082 cum
1284 2023 1348 2082 suis
1370 2018 1581 2097 petineneiis,
1612 2010 1715 2074 habito

329 2097 370 2161 de
390 2118 430 2164 eo
453 2099 607 2164 nobiscum
630 2102 810 2168 venditionis
832 2111 967 2185 tractatu²
991 2105 1077 2168 nobis
1099 2113 1128 2166 et
1152 2105 1283 2168 ecclesie
1305 2109 1408 2166 nostre
1429 2099 1629 2181 herbipolensi
1652 2097 1714 2160 de-

329 2183 372 2248 dlt
401 2204 455 2268 pro
484 2192 588 2268 precio
617 2194 816 2254 trecentarum
846 2194 1057 2274 quinquaginta
1078 2190 1217 2255 librarum
1240 2190 1416 2253 hallensium
1439 2187 1627 2268 proprietatis
1651 2203 1712 2246 no·

329 2274 409 2334 nilne
431 2271 660 2354 possidendum,
689 2279 811 2357 insuper
838 2273 976 2341 hornioes
1006 2277 1139 2338 militaris
1168 2275 1360 2338 condicionis¹
1377 2271 1414 2338 ad
1436 2291 1504 2334 curn
1527 2275 1713 2354 pertinentes

332 2363 363 2417 et
382 2361 447 2419 iura
470 2357 692 2421 aduocatiarurn
715 2368 746 2422 et
767 2359 914 2424 bonornnr
937 2379 1060 2424 suorum
1084 2359 1253 2440 sandalium,
1276 2381 1292 2422 a
1316 2363 1379 2422 suls
1396 2356 1639 2443 progenitoribus
1661 2355 1713 2418 uel

330 2441 368 2504 ab
390 2461 428 2505 eo
450 2441 680 2522 inleodalorurn,
704 2465 771 2509 curn
794 2447 909 2509 eisdern
930 2445 1017 2510 bonis
1040 2445 1199 2510 infeodatis
1223 2465 1263 2508 ex
1284 2445 1348 2509 sola
1372 2443 1555 2508 liberalitatis
1571 2456 1629 2505 sue
1650 2439 1717 2503 do-'

329 2531 500 2592 rationein
523 2547 578 2592 nos
602 2537 632 2591 et
654 2536 684 2593 in
706 2539 826 2595 nostros
849 2535 997 2596 transtulit
1020 2549 1217 2596 successores
1240 2551 1275 2595 ac
1289 2531 1533 2613 herbipolensem
1550 2528 1712 2592 ecclesian

328 2621 477 2695 perpetuo
499 2615 707 2696 possidendos.
752 2618 789 2680 Et
810 2623 880 2698 qula
903 2618 981 2682 ideur
1006 2617 1234 2682 Lvdewicus
1256 2623 1336 2682 cboa
1361 2620 1572 2680 monasterium
1595 2611 1716 2678 ebew

330 2716 435 2779 conss,
463 2697 570 2767 ductus
598 2703 672 2769 sato.
699 2707 833 2788 pietatis,
862 2711 993 2770 eastrurn
1015 2705 1278 2783 windeheim,
1310 2701 1392 2788 quod
1419 2707 1450 2766 tn
1470 2699 1600 2767 leodos
1623 2699 1714 2764 nobis

329 2789 434 2862 tenuit,
456 2804 523 2850 curn
545 2787 684 2852 omnibns
705 2795 897 2877 pertinenciis
920 2795 994 2868 sub,
1017 2789 1176 2854 videlieet:
1197 2791 1266 2857 nilla
1288 2787 1541 2865 sipiencort,
1564 2791 1595 2850 el
1611 2789 1711 2866 siqui-

328 2867 397 2934 denr
421 2870 499 2933 iorte
521 2871 558 2934 ab
579 2877 645 2953 ipso
668 2880 768 2936 castro
789 2879 855 2937 slve
876 2875 985 2938 ulllulis
1010 2882 1075 2938 eius
1098 2878 1181 2940 tilulo
1205 2875 1284 2938 leodi
1301 2877 1459 2940 alienatum
1476 2879 1531 2954 esi,
1552 2871 1710 2933 videlicet:

329 2951 368 3017 de
398 2960 460 3038 ipsa
489 2955 559 3018 uilla
582 2955 828 3022 Windeheirn
860 2961 918 3023 duo
942 2961 1061 3024 Wller
1092 2971 1120 3024 et
1144 2959 1370 3044 Scrappaeh
1399 2977 1466 3022 cunr
1492 2963 1561 3020 inre
1593 2958 1710 3038 capelle

329 3039 464 3102 eiusdem
485 3041 559 3103 nille
580 3049 611 3104 et
632 3043 742 3107 uiilulis
766 3043 909 3126 Capele
932 3055 963 3108 et
985 3047 1206 3130 Serappach
1239 3053 1372 3111 etruria
1394 3041 1715 3128 Winegersdori

329 3132 361 3187 et
381 3123 502 3190 lieide
522 3133 555 3188 et
575 3127 751 3208 qrribusdanr
774 3130 897 3196 decinis
920 3134 1088 3210 nourrburn,
1118 3133 1293 3214 quibusdan
1317 3139 1412 3196 eciam
1431 3129 1550 3213 juribus
1572 3129 1709 3192 adnom-

327 3215 435 3274 llarunr
457 3211 624 3276 uillularurn
649 3213 812 3279 Steinah
835 3221 865 3280 et
886 3217 1151 3282 llannendorl
1170 3228 1201 3284 et
1222 3217 1421 3282 ilainbreh
1444 3223 1475 3280 et
1496 3213 1708 3281 Richards-

328 3295 421 3360 dorl
437 3303 470 3360 oi
489 3297 666 3377 quibusdam
683 3300 775 3366 bons
792 3303 971 3368 eorundem
992 3311 1219 3390 necnon-agris,
1242 3310 1346 3387 pratis,
1367 3307 1497 3385 pascuis,
1520 3301 1711 3378 molendinis,

327 3385 472 3470 piscariis,
492 3384 613 3448 uluubs
633 3393 664 3448 et
684 3388 833 3472 uirgultis,
855 3393 921 3468 riis,
944 3395 1041 3468 inuiis,
1063 3397 1161 3472 aquis,
1184 3408 1389 3474 aquarumque
1405 3385 1581 3452 decursibus
1598 3396 1628 3450 et
1643 3387 1709 3450 aliis
1781 3381 1786 3396 '

328 3471 453 3550 quesitis
483 3474 514 3529 et
541 3470 723 3550 inquirendis
755 3491 872 3538 necnon
901 3475 1079 3558 pauperibus
1105 3485 1134 3539 et
1157 3477 1272 3540 colonis
1294 3475 1345 3540 uel
1367 3473 1508 3561 quicquid
1530 3493 1547 3536 a
1571 3473 1657 3536 nobis
1679 3478 1708 3536 in

328 3552 419 3616 leodo
441 3555 545 3632 tenuit,
568 3556 649 3635 quod
671 3557 707 3618 ad
729 3556 807 3622 ldenr
830 3567 958 3626 castrum
982 3567 1120 3646 partinet.
1143 3561 1240 3624 eidenr
1264 3563 1446 3626 anonasterlo
1470 3559 1647 3624 eberacensi
1670 3557 1708 3620 de

328 3645 431 3699 nostra
454 3637 579 3702 licencia
601 3645 632 3702 in
654 3661 710 3705 sue
732 3641 896 3708 remedium
925 3653 1022 3710 anime
1044 3647 1162 3712 tradidit
1185 3655 1215 3711 et
1235 3649 1371 3726 donauit,
1401 3665 1456 3709 nos
1480 3651 1546 3709 eius
1565 3645 1707 3727 precihus

328 3722 532 3786 lauhsbillter
554 3727 681 3790 inclinati
703 3735 743 3800 et,
766 3737 798 3792 ut
819 3735 991 3796 meritorum
1014 3751 1136 3796 suorum
1159 3737 1319 3816 participes
1340 3733 1419 3795 erliei
1441 3749 1620 3796 mereamur.
1650 3749 1706 3793 cs-

329 3815 423 3874 sirnrn
445 3807 685 3876 Windabeinr
708 3822 740 3878 et
760 3821 857 3880 omnia
878 3817 955 3880 bona
978 3818 1121 3900 predicta,
1140 3828 1268 3902 accepta
1291 3823 1418 3902 primurn
1439 3819 1480 3882 de
1500 3819 1559 3888 illis
1581 3818 1619 3882 ab
1641 3822 1706 3898 ipso

329 3891 539 3960 Lndowico
559 3901 763 3982 resignatione
785 3900 876 3964 utera
898 3901 935 3966 ad
959 3920 1061 3966 manau
1075 3914 1203 3986 nostras,
1215 3904 1358 3970 ..abbati
1376 3913 1408 3970 et
1421 3903 1706 3986 conuentuiebpra-

330 3983 430 4043 censis
460 3987 632 4046 nonasterii
661 3983 699 4048 de
728 4003 877 4067 expresso
904 3989 1022 4070 capituli
1052 3997 1143 4054 nostri
1172 4011 1325 4059 consensu
1354 3995 1604 4076 proprietaulrnus
1627 3998 1658 4056 et
1677 3995 1706 4054 io

329 4068 481 4156 propriora
509 4065 631 4158 emus,
661 4073 725 4182 ipsa
753 4071 830 4140 bona
857 4090 924 4138 curn
956 4091 1060 4152 wruor
1089 4083 1282 4176 uniuersitatc
1310 4083 1341 4172 tn
1362 4077 1473 4168 dietum
1495 4083 1705 4180 ¹raortasierlonr
