3774 4728
329 465 402 541 288
910 463 1129 541 blonumenta

328 683 458 746 uuquam
488 665 526 728 de
555 671 658 726 cetero
686 670 885 742 retractetur,
918 681 973 726 nos
1007 679 1061 744 pro
1094 661 1309 726 ratihabitionis
1338 664 1509 728 testimonio
1539 667 1713 742 presentem

328 755 468 834 paginam
491 749 640 812 conscribi
663 748 862 830 disposuimus
885 756 916 810 et
938 754 1032 810 nostri
1055 748 1145 832 sigilli
1166 753 1331 812 nutrimine
1349 749 1499 814 roborari.

458 835 585 897 Testes:
607 835 759 896 Arnoldus
782 835 913 900 decanus
925 881 935 912 ,
958 832 1177 918 {tegenhardus
1200 833 1238 896 de
1260 835 1325 896 llov
1348 855 1366 897 e
1388 837 1577 916 prepositus,
1600 829 1710 893 fride-

328 927 409 984 ricus
432 928 555 998 cantor,
586 920 743 984 Heinricus
766 928 885 998 custos,
920 919 1066 983 Alhertus
1097 919 1288 998 cellerarius,
1320 854 1476 982 [heinricus
1510 921 1711 998 portenarium

328 1008 469 1072 Albertus
492 1006 531 1068 de
552 1005 751 1084 Walibusen,
784 1005 987 1068 Theodericus
1020 1003 1058 1068 de
1081 1004 1217 1089 blalgoz,
1254 1005 1444 1068 Gotheiridus
1476 1002 1513 1066 de
1543 1003 1712 1084 Sweigere,
1842 1013 1845 1020 '

327 1091 480 1156 Arnoldus
503 1096 703 1168 camerarius,
727 1095 874 1152 canonici.
919 1092 1014 1154 Laici:
1037 1089 1247 1175 Engelhardus
1271 1091 1407 1172 Snepbe‚
1443 1087 1648 1152 Theodericus
1672 1086 1711 1149 de

328 1177 527 1257 lichenberc,
550 1174 707 1238 Gunradus
730 1175 768 1237 de
790 1175 878 1239 Erlab
890 1221 898 1254 ,
932 1175 1090 1238 lleinricus
1112 1173 1150 1238 de
1173 1175 1438 1254 lirouoldesheim,
1472 1173 1650 1238 llartmudus
1672 1171 1711 1234 dc

329 1263 548 1342 Scherenberc,
570 1260 765 1341 Marquardus
779 1261 893 1340 Weise,
906 1261 1078 1342 Walpcrtus
1091 1261 1218 1340 Therso,
1229 1260 1402 1325 Herbordus
1413 1260 1527 1344 Hacgo,
1543 1257 1713 1321 Bicbulmus

328 1349 421 1412 frater
444 1367 527 1427 suus,
553 1345 899 1424 HeinricusWolfcldus,
924 1345 1078 1414 Cunradus
1095 1347 1260 1431 Sweigere,
1283 1347 1433 1410 lohannes
1448 1351 1600 1428 pincerna,
1624 1343 1710 1406 Cun-

328 1434 419 1498 radus
442 1433 481 1496 de
502 1432 672 1494 llvlenberc
695 1439 724 1492 ei
747 1433 795 1494 alii
819 1451 906 1514 quam
930 1432 1041 1513 plures.
1085 1435 1193 1496 Actum
1217 1451 1294 1496 anno
1323 1433 1471 1496 dominice
1500 1434 1711 1492 incarnationis

327 1519 375 1582 Μ’·
391 1518 579 1594 00⁰·XXX.,
612 1517 772 1580 indictione
801 1517 878 1596 iiie,
911 1519 1105 1600 regnantibus
1135 1519 1270 1601 glorioso
1300 1517 1499 1580 Romanorum
1529 1513 1711 1596 imperatore

327 1605 492 1682 Friderico,
515 1611 545 1665 et
566 1604 668 1666 inclito
691 1601 752 1664 frllo
774 1621 829 1666 suo
851 1603 1051 1666 Romanorum
1073 1623 1149 1687 rege
1171 1602 1322 1682 lleinrico,
1345 1603 1487 1685 Popponc
1509 1599 1548 1664 de
1562 1601 1709 1662 llennen-

328 1691 401 1754 berc
422 1690 606 1773 burggrauio
619 1688 806 1752 'Wireeburc
829 1695 988 1752 existente.

539 1857 675 1942 Sigillum
696 1857 853 1920 Hermanni
877 1863 1008 1940 episcopi
1033 1859 1191 1940 appendet.

538 1942 655 2006 Editum
677 1948 706 2005 in
728 1943 887 2006 Becbsteln
911 1943 1087 2006 Gescbr'cbta
1109 1943 1168 2007 und
1192 1940 1336 2006 Gedicbtc
1359 1941 1413 2004 des
1434 1939 1503 2002 Otto
1518 1959 1577 2004 von
1591 1939 1709 2023 licien,-

540 2028 656 2090 lauben.
682 2049 708 2110 p.
737 2025 796 2090 134
817 2029 866 2092 Nr.
894 2025 941 2091 13.

929 2441 1107 2516 ccxxiii.

643 2643 731 2706 Anno
754 2620 846 2705 1231.
859 2689 868 2722 ,
901 2640 948 2706 14.
971 2643 1070 2721 Febr,
1094 2639 1171 2723 apud
1193 2639 1379 2702 Wirceburc.

425 2831 552 2902 Forma
578 2830 818 2900 conventionis
856 2829 944 2898 inter
968 2827 1197 2898 llermannum
1225 2829 1424 2921 episcopum
1450 2823 1704 2922 erbipolensem

328 2941 363 3004 et
389 2928 578 3002 Ounradum
606 2926 759 2998 abbatem
785 2925 976 3000 fuldensem
1004 2927 1046 2998 de
1071 2937 1183 2999 mutua
1211 2925 1412 2998 defensione
1438 2936 1556 2998 contra
1578 2949 1703 3022 quem-

327 3029 422 3122 lihet,
450 3029 491 3101 de
518 3025 694 3099 connubiis
721 3027 1002 3116 ministerialium,
1029 3037 1063 3098 ei
1090 3025 1133 3098 do
1158 3047 1228 3100 uon
1253 3025 1434 3100 vendendo
1461 3035 1576 3100 castro
1596 3027 1703 3098 Lich-

327 3129 469 3204 tonberc
502 3149 563 3223 per
597 3125 751 3199 abbatem
783 3125 975 3199 fuldensem
1008 3130 1074 3200 nisi
1107 3129 1272 3222 episcopo
1308 3125 1539 3221 erbipolensi,
1580 3130 1706 3200 iustum

327 3233 470 3327 pretium
498 3226 674 3314 offerenti,
711 3229 767 3321 qui
805 3229 835 3299 si
862 3237 1009 3299 castrum
1034 3225 1257 3299 Hiltenhurclr
1283 3227 1433 3298 alienare
1459 3226 1630 3316 voluerii,
1671 3225 1706 3298 id

328 3333 500 3404 ecclesiae
525 3325 673 3400 fuldensi
698 3325 836 3399 vendet.

425 3431 514 3504 Acta
541 3437 618 3500 suni
643 3425 708 3498 bec
733 3449 822 3498 anno
850 3425 1090 3498 meamaiicnis
1108 3424 1233 3497 domini
1248 3423 1495 3517 mccxxxio,
1519 3423 1705 3498 indictione

326 3529 428 3622 illle,
455 3527 561 3604 xvia
594 3525 757 3600 kalendas
782 3525 915 3616 Marcii,
942 3523 1027 3620 apud
1054 3523 1267 3597 Wirceburc.

535 3726 715 3808 Appendent
736 3733 864 3808 quabwr
877 3725 990 3808 sigilla:
1017 3722 1049 3800 1)
1061 3724 1219 3788 Hermanni
1233 3727 1363 3806 episcopi
1383 3729 1468 3788 carius
1481 3743 1552 3808 pars
1565 3730 1705 3807 superior

535 3816 631 3894 periit
675 3809 710 3887 2)
734 3809 862 3874 Gunradi
885 3809 998 3872 abbatis
1020 3808 1176 3874 fuldensis.
1221 3807 1402 3892 3),capituir
1424 3813 1706 3874 maiorisecclesiae

534 3897 764 3978 herbipolensis.
809 3893 844 3973 4)
867 3895 1037 3958 Conventus
1058 3895 1213 3960 fuldensis.

535 3981 653 4045 Editum
685 4001 725 4045 ex
757 3979 942 4064 autographo
976 3984 1007 4041 in
1041 3979 1067 4042 J.
1100 3980 1132 4044 F.
1170 3981 1319 4046 Schaunat
1350 3979 1509 4044 Dioocasis
1549 3978 1704 4044 fuldensis.

536 4067 672 4132 Francof.
696 4066 734 4130 ad
756 4065 853 4130 ilcan.
882 4061 971 4143 1727,
995 4063 1055 4142 fol,
1078 4083 1146 4146 pag.
1170 4061 1233 4128 274
1253 4065 1304 4130 Nr.
1326 4064 1398 4130 Llll.
