3768 4728
592 441 807 538 episcopatus
832 439 1124 540 wirsiburgensis.
1465 449 1537 523 att

170 587 449 714 tuteatcum
485 637 528 712 de
566 637 822 732 Northeim‚
860 639 1153 716 Woliramnm
1190 641 1233 716 de
1257 642 1538 740 haholsteim

170 737 474 814 Warmunrlnm
500 737 542 812 de
566 738 671 812 llrla
696 749 731 811 et
757 739 1044 816 Thiemonem
1070 741 1112 816 de
1137 740 1332 834 Vrheim‚
1358 749 1537 844 quictpro

169 843 347 1018 premissis
374 837 528 912 omnihus
556 836 778 934 obseruantia
803 850 839 914 et
862 863 924 937 pro
952 841 1104 916 ducentis
1130 846 1254 920 marcis
1287 849 1440 938 argenti,
1472 869 1538 942 qaue

51 971 53 976 v
192 947 238 1020 tte
277 949 354 1014 smrt
377 935 558 1030 sciaenae.
580 937 786 1034 prebuerunt
811 939 1058 1016 fideiussoriam
1084 947 1285 1016 cautionem.
1335 943 1537 1020 Eeonuerso

171 1043 323 1144 sepefata
349 1037 482 1112 domina
517 1041 673 1136 promisit
705 1037 771 1112 tide
807 1039 906 1131 data,
941 1051 976 1114 et
1015 1052 1211 1120 castrenses
1250 1043 1402 1118 eiusdem
1434 1049 1537 1120 castri

171 1149 366 1220 iurauerunt
391 1143 502 1213 omnia
528 1137 719 1235 supradicta
744 1138 890 1214 fideliter
913 1141 1112 1217 obseruare.
1161 1144 1206 1217 Et
1229 1153 1266 1216 ut
1289 1144 1356 1216 hec
1382 1145 1537 1221 omnihus

169 1245 327 1344 patefiant
352 1247 387 1311 et
410 1239 495 1312 nulli
520 1261 623 1336 super
650 1261 693 1311 eo
720 1238 853 1315 dubium
879 1246 1026 1334 anatur,
1058 1263 1203 1340 presens
1239 1247 1365 1340 pagina
1390 1243 1432 1318 ab
1458 1245 1537 1320 inde

172 1344 364 1436 conscripta
396 1339 438 1413 de
474 1361 647 1414 consensu
682 1349 716 1412 et
751 1345 914 1438 petitione
954 1341 1182 1438 predictorum
1216 1348 1382 1436 omnium,
1420 1345 1538 1439 sigillo

172 1447 295 1520 domini
338 1437 523 1514 Hermanni
560 1441 715 1537 episcopi
754 1442 818 1514 fuit
850 1445 886 1512 in
924 1446 1152 1517 testinnonium
1186 1441 1326 1516 mmher
1364 1443 1535 1518 roboreis.

170 1549 290 1620 Actum
317 1540 403 1634 apud
427 1535 646 1638 Heabipolim¹
662 1561 750 1614 anno
767 1543 893 1616 domini
907 1541 966 1616 ΜΘ·
984 1541 1065 1616 000·
1084 1541 1206 1616 XXX0·
1224 1539 1329 1634 vlle,
1354 1543 1537 1620 indictione

169 1645 263 1737 xm,
287 1635 372 1716 11110·
394 1639 558 1716 kalendas
574 1639 697 1732 Martii,
713 1647 929 1742 episcopatus
950 1641 1076 1716 domini
1089 1643 1273 1718 Hermunni
1283 1647 1434 1742 episcopi
1447 1667 1536 1742 anno

169 1746 379 1819 duodecimo.

374 1941 422 2008 Ex
443 1944 543 2028 sigillo
563 1941 721 2008 Hermanni
743 1948 877 2033 episcopt
899 1940 1100 2006 tantummodo
1120 1957 1190 2024 pars
1205 1947 1342 2025 superior
1358 1961 1424 2007 curn
1440 1948 1536 2025 capite

374 2028 509 2094 eiusdem
530 2035 680 2110 superest.

374 2130 490 2196 lihitum
511 2136 541 2194 in
564 2131 683 2214 Stumpf
700 2129 802 2196 histor.
825 2129 939 2195 Archiv
959 2129 1007 2194 thr
1027 2129 1167 2196 Franlm
1189 2129 1210 2194 l.
1233 2151 1261 2213 p.
1285 2127 1336 2196 66.
1357 2131 1408 2198 lir.
1431 2132 1479 2196 Xl.

761 2545 935 2622 ccxnlx.

500 2747 588 2812 Arato
611 2742 714 2828 1237„
738 2743 788 2812 27.
810 2745 933 2828 Aprilis,
955 2745 1034 2830 apud
1053 2745 1244 2829 lierltlpolim.

267 2931 415 3007 sifridus
441 2937 654 3028 maguntinae
679 2931 774 3006 sedis
789 2930 1065 3026 archiepiscopus
1081 2933 1265 3006 universos
1279 2933 1404 3010 Christi
1418 2933 1536 3014 filnes

166 3056 228 3132 por
253 3036 481 3127 maguntinam
516 3045 550 3106 et
583 3031 860 3128 herbipolensem
885 3029 1044 3104 dioceses
1070 3035 1273 3107 constitutos
1297 3045 1417 3128 rogat,
1448 3059 1537 3132 qua-

167 3141 265 3206 tenus
289 3133 332 3204 de
357 3131 456 3206 bonis
482 3133 558 3207 sihi
585 3157 604 3204 a
630 3132 695 3206 deo
722 3130 857 3204 collatis
885 3130 1138 3222 elimosinarum
1163 3131 1346 3226 largitione
1371 3133 1538 3234 herbipo-

167 3233 254 3308 lensi
283 3232 455 3306 ecelesiae
481 3231 522 3304 ud
547 3235 798 3330 reparationem
811 3228 1018 3304 edificiorum
1034 3229 1126 3304 illius
1145 3231 1357 3324 subveniant,
1383 3235 1541 3309 omnibus

168 3335 366 3428 unimanus
394 3331 575 3407 adiutrices
600 3336 837 3428 porrexerint,
877 3329 1098 3426 quadraginta
1124 3331 1197 3404 dies
1224 3331 1266 3406 de
1291 3337 1449 3411 iniunctis
1477 3333 1541 3409 sihi

165 3435 285 3528 poenis
310 3431 481 3505 relaxans.

167 3527 1291 3726 ...rnarestaurans“raon

375 3829 509 3916 Sigillum
532 3829 633 3895 Sitrisll
654 3829 871 3914 mehleptstopl
891 3828 1006 3892 laesum
1028 3829 1182 3912 appendet.
1237 3875 1243 3894 .

196 4167 244 4208 tiam
258 4167 310 4208 itote.
325 4167 367 4209 tui.
382 4167 466 4210 mill.
482 4176 526 4208 ner.
541 4167 587 4209 cell.
601 4165 624 4206 i.
1165 4123 1212 4197 35
