3774 4728
600 453 820 557 episcopatus
847 446 1141 548 wirciburgensis.
1169 397 1177 412 ἱ
1494 447 1568 541 383

191 651 327 733 sonibus
352 655 494 747 nostris,
520 664 558 728 vt
573 654 644 754 ipsu
659 652 748 732 bonu
762 677 825 751 ppo
842 662 1017 754 pretaxate
1032 650 1161 735 summu
1172 651 1374 742 hullensium
1389 651 1569 752 poemendi

190 754 332 853 abipso
360 751 462 828 etob
500 751 682 834 heredibus
717 758 788 829 suis
824 749 1008 833 habeamus
1042 751 1236 850 plenarium
1263 762 1478 850 potestatem.
1529 753 1572 845 lu¹

190 858 284 930 cuius
310 859 361 930 rei
388 859 618 932 testimonium
644 880 789 954 presens
818 859 978 955 scriptum
1005 855 1115 929 eidem
1147 850 1298 927 dedimus
1326 853 1431 950 sigilli
1457 855 1567 926 nostrl

188 959 370 1032 munimine
396 956 603 1032 roboretum.
655 960 777 1032 Dolum
803 955 1000 1056 Herbipoli,
1026 977 1115 1034 unco
1140 955 1267 1030 lumini
1291 954 1352 1030 lll0·
1381 952 1568 1044 cocunt,

187 1057 261 1134 XV.
289 1057 454 1134 kalendas
479 1059 642 1152 leonorii,
668 1057 853 1134 indictione
878 1055 951 1154 112,
977 1057 1190 1158 pontilioctus
1209 1059 1319 1135 uestri
1335 1079 1424 1132 enno
1439 1058 1566 1152 quinto.

396 1245 532 1332 Sigillum
553 1245 643 1334 iringi
667 1251 798 1341 episcopi
820 1246 976 1336 appendet

573 1679 577 1686 .
746 1617 1020 1704 coemunt

629 1772 726 1901 Anno:
743 1817 845 1902 1258„
869 1816 920 1885 24·
943 1784 1130 1915 Decembris,
1212 1882 1222 1915 ¹,
1297 1918 1300 1926 1

187 2005 402 2081 Diethmurus
430 2005 580 2082 decenus
617 2019 651 2081 et
685 2006 864 2108 cepltnlnm
897 2002 935 2081 S.
964 2005 1129 2083 Johcmiis
1168 2007 1200 2081 in
1236 1996 1359 2102 licurgo
1383 2005 1570 2082 ¹cononicis

185 2103 483 2204 herbipolensibus
525 2111 558 2185 in
585 2109 899 2208 compensationem
928 2109 1135 2211 oblationis,
1156 2127 1268 2204 ,quum
1304 2105 1346 2179 cle
1372 2098 1570 2206 'parochiali

187 2207 336 2282 ecclesia
362 2213 396 2282 in
422 2209 545 2305 llouge
573 2211 718 2307 singulis
746 2215 842 2284 cunis
867 2210 1046 2318 percipere
1064 2204 1330 2309 consueverunt,
1349 2206 1422 2306 ¹tuin
1450 2205 1506 2279 diu
1527 2200 1570 2278 cti

187 2301 391 2384 solvendum
417 2330 556 2386 censum
593 2312 674 2384 s'esc
703 2309 875 2406 obligent,
915 2331 1092 2411 quousque
1125 2309 1358 2408 parochialem
1386 2299 1571 2385 ecetesiam

187 2426 191 2435 '
540 2415 575 2483 in
600 2411 863 2529 Wegencheim¹
882 2432 1007 2486 vocure
1034 2411 1219 2503 continget.
1245 2501 1248 2509 Ι
1279 2506 1296 2518 η
1566 2425 1569 2433 “

286 2583 570 2657 Dictbmerus
597 2583 748 2658 decorius
775 2595 810 2656 ct
836 2584 1016 2680 copimlnm
1042 2581 1212 2656 tubunnis
1242 2581 1570 2677 inllcnge-pre-

185 2687 274 2757 soriti
301 2685 430 2780 scripio
456 2687 746 2778 recognoscimus
769 2688 805 2757 et
831 2681 1044 2761 conmuniter
1068 2691 1319 2781 protemumur,
1357 2680 1447 2778 quod
1473 2677 1570 2753 obli·-

187 2787 344 2878 genuimus
361 2807 438 2859 nos
462 2785 665 2862 reuerendis
686 2796 722 2859 ot
748 2785 1054 2858 otiosissimum
1092 2777 1221 2863 nostris
1248 2785 1424 2856 cononicis
1443 2779 1569 2855 borbi-

184 2885 388 2981 polonorum
411 2887 459 2962 tle
483 2907 615 2972 summo
654 2886 695 2958 erl
725 2885 939 2962 ‘soluentium
979 2889 1062 2996 ipsis
1093 2885 1202 2958 tritici
1233 2887 1360 2979 uiginti
1398 2891 1433 2956 ct
1459 2901 1569 2968 'rcum

185 2985 317 3059 motem
341 2988 375 3074 in
401 2991 554 3084 ipsorum
580 2992 774 3084 manerium
811 2987 853 3059 ml
886 2990 1191 3088 conpensationem
1226 2983 1432 3075 oblationis,
1470 3003 1569 3080 qoem

186 3087 237 3160 rte·
258 3087 624 3184 porcelluliecclesio
650 3094 683 3162 in
703 3089 870 3184 ’llouge
900 3088 1045 3183 siugulis
1083 3092 1182 3161 nonis
1204 3089 1387 3184 percipere
1412 3081 1569 3160 consuo-2

186 3197 331 3280 oerum,
370 3199 404 3260 et
439 3190 596 3264 similiter
615 3187 857 3264 octo-vocius
876 3189 1092 3263 decuriorum
1130 3187 1399 3284 herbipolensis·
1418 3196 1570 3276 monetet

185 3309 272 3391 quus
298 3290 435 3387 semper
458 3289 548 3364 cclcc
576 3290 736 3388 expedite
763 3291 833 3363 duri
859 3289 1116 3388 procurabimus
1137 3291 1176 3362 'io
1192 3304 1288 3360 'conc
1315 3287 1453 3378 domini,
1478 3285 1571 3382 qnod

185 3389 474 3488 sollempnitatem
498 3389 593 3467 illius
621 3391 687 3466 diei
714 3391 759 3466 ob
782 3387 953 3465 ilolectum
995 3391 1177 3466 solutionis
1203 3389 1398 3467 nullatenus
1425 3385 1569 3485 inpediri

186 3493 377 3588 continget.
431 3491 594 3565 Triticum
621 3513 756 3590 quoque
783 3493 958 3568 soluemus
994 3492 1142 3589 singulis
1181 3493 1277 3564 eoois
1314 3489 1443 3585 ubsque
1477 3486 1570 3562 omni

185 3591 419 3690 inpedimento
447 3605 526 3672 cute
552 3590 812 3669 iestum'soncti
837 3589 1039 3668 llicbcbelis
1077 3603 1111 3665 et
1146 3588 1213 3664 boc
1239 3587 1363 3664 tumultu
1387 3584 1568 3682 iaciemus

186 3715 367 3792 quousque
391 3693 621 3792 pcroebielem
648 3689 833 3770 comestum
859 3697 893 3769 in
919 3691 1241 3789 wegeootetoi
1261 3693 1419 3790 proxime
1441 3706 1569 3764 necere

187 3799 384 3891 contingam
403 3800 457 3869 *ex
471 3805 551 3869 tunc
563 3799 656 3870 ‘enim
672 3787 862 3870 huiusmodi
875 3799 1051 3894 pensionis
1064 3815 1128 3894 per
1141 3798 1220 3886 rios,
1247 3793 1352 3865 ueluti
1364 3791 1568 3890 premissum

187 3907 254 3989 est,
281 3895 547 3994 detrusamque
574 3901 665 3971 omni
693 3901 881 3994 questionis
909 3897 1070 3994 scrupulo
1091 3895 1191 3968 liberi
1208 3897 1334 3967 erimus
1352 3897 1567 3995 ctinmuoesq

185 3997 242 4074 Ad
268 4002 364 4073 cuius
390 3998 471 4072 lecti
497 3997 642 4072 iuturem
668 4001 868 4072 memorium
893 4009 1074 4097 presentes
1090 3997 1222 4071 litteras
1236 3995 1406 4071 conscribi
1419 3989 1567 4069 lecimus

188 4109 222 4181 et
250 4122 310 4181 ecs
336 4109 402 4184 tum
430 4103 483 4175 sui
510 4099 626 4194 sigillo
654 4100 790 4208 capituli
816 4123 915 4206 quom
940 4110 1060 4176 nostre
1084 4099 1204 4203 sigillq
1226 4097 1376 4182 ecclesie
1402 4099 1436 4170 in
1463 4099 1566 4174 testi-
