3838 4728
329 424 406 502 518
543 508 547 517 ,
910 423 1131 518 Monumenta

334 646 554 724 quoscunque
580 643 794 722 quocumque
819 623 922 699 modo
948 624 1006 697 ael
1032 645 1135 698 causa
1160 623 1350 700 transferre
1365 624 1546 698 uolueritis
1563 632 1598 697 et
1614 645 1720 696 omne

334 733 401 818 ius,
435 725 524 821 quod
560 747 626 798 nos
663 725 826 798 babemus
869 735 903 798 et
927 727 1038 810 nostri
1075 724 1347 822 predecessores
1375 723 1574 815 habuerunt,
1614 722 1722 797 nichil

332 831 467 925 penitus
494 825 592 898 nobis
620 826 662 898 de
687 825 829 922 prefatis
855 825 955 900 bonis
982 837 1217 917 reseruantes,
1243 849 1319 898 cum
1345 824 1486 917 vsibus,
1517 823 1719 898 utilitatibus

335 939 369 1000 at
395 929 614 1024 pertinenciis
650 925 806 1000 omnibus
847 925 889 1003 de
917 947 1090 1000 consensu
1117 926 1253 1022 capituli
1291 929 1402 999 nostri
1436 924 1648 998 uendidimas
1683 933 1722 996 at

333 1050 396 1126 per
421 1037 603 1123 presentes
629 1025 807 1099 uendimas
834 1035 869 1099 et
893 1027 1055 1099 tradimus
1081 1049 1144 1122 pro
1169 1027 1287 1122 precio
1316 1025 1535 1099 ducentarum
1555 1023 1721 1098 librarum

334 1127 551 1215 ballensium,
578 1149 660 1222 quas
688 1127 851 1200 ducentas
877 1125 983 1200 libres
1017 1129 1051 1198 in
1084 1129 1227 1225 pecunia
1252 1135 1430 1200 numerata
1454 1129 1646 1224 recepimus
1684 1133 1722 1196 et

335 1252 396 1300 aas
422 1231 458 1299 in
484 1227 697 1301 solucionem
731 1223 920 1300 debitorum
954 1226 1106 1300 ecclesia
1137 1237 1257 1300 nostre
1292 1229 1547 1317 concutimus,
1583 1248 1721 1298 ranun-

335 1329 467 1400 ciantes
495 1329 698 1422 exaepcioni
723 1349 793 1400 non
817 1333 994 1398 numerate
1022 1337 1057 1398 et
1081 1349 1151 1399 non
1178 1327 1291 1400 solute
1317 1329 1484 1423 peermio,
1523 1329 1649 1399 actioni
1677 1325 1722 1398 da

212 1497 214 1512 ,
337 1427 419 1501 dolo
447 1435 481 1499 at
506 1431 540 1499 in
566 1427 704 1517 iactum,
729 1435 764 1498 et
791 1429 883 1500 omni
909 1425 1037 1498 auxilio
1077 1437 1113 1504 et
1148 1426 1316 1502 beneficio
1354 1430 1437 1500 iuris
1478 1429 1634 1500 canonici
1660 1425 1722 1498 uel

282 1613 287 1637 ι
321 1528 469 1624 ciuilis,
502 1549 564 1624 per
590 1549 656 1622 qua
681 1548 747 1600 nos
774 1536 808 1598 et
833 1529 944 1600 nostri
971 1547 1198 1600 successores
1235 1529 1344 1598 iuuari
1369 1551 1552 1624 possemus
1591 1537 1625 1599 et
1650 1549 1722 1598 uos

336 1639 372 1702 at
396 1631 505 1707 uestri
530 1625 679 1701 heredes
704 1637 761 1700 aut
787 1648 1016 1702 successores
1041 1627 1196 1723 impediri
1222 1627 1280 1700 uel
1306 1627 1482 1702 molestari
1508 1631 1661 1724 possetis
1686 1629 1723 1699 in

336 1738 515 1804 contractu
541 1727 748 1823 supradicto,
775 1735 809 1798 at
824 1731 858 1799 in
870 1727 1006 1823 planam
1022 1732 1282 1822 possessionem
1298 1727 1528 1824 predictorum
1552 1727 1721 1803 bonomm

337 1851 402 1904 uos
429 1827 617 1900 inducimus
644 1826 886 1924 corporalem,
919 1831 994 1924 ipsa
1019 1826 1108 1902 bona
1134 1831 1169 1900 in
1194 1851 1285 1918 uos,
1324 1838 1463 1902 uestros
1497 1827 1645 1900 heredes
1680 1849 1725 1898 ac

338 1950 566 2005 successores
595 1925 637 1998 de
664 1949 838 2000 consensu
862 1930 929 1998 iam
954 1927 1033 2007 dicti
1060 1927 1195 2024 capituli
1222 1951 1296 2000 curn
1323 1927 1426 2024 plano
1442 1927 1721 2001 rarumdominio

337 2029 600 2118 transferentes,
625 2029 950 2122 promittentesque,
982 2027 1072 2122 quod
1099 2027 1218 2102 eadem
1242 2027 1332 2100 bona
1359 2032 1434 2101 siue
1459 2027 1610 2102 redditus
1635 2027 1723 2100 nulli

337 2128 551 2218 uendidimus
576 2137 633 2202 aut
659 2126 886 2221 obligauimus
912 2127 970 2198 uel
995 2130 1029 2198 in
1055 2127 1193 2202 feodum
1220 2127 1321 2202 alicui
1336 2128 1539 2204 contulimus
1566 2127 1624 2202 vel
1651 2127 1724 2200 ali-

338 2251 440 2326 quem
467 2237 678 2304 contractum
705 2227 747 2299 de
773 2226 903 2300 eisdam
928 2226 1029 2300 bonis
1056 2251 1131 2302 cum
1159 2229 1272 2322 aliquo
1305 2227 1504 2320 habuimus,
1536 2251 1598 2325 per
1620 2250 1723 2323 quem

337 2352 403 2404 aas
429 2339 463 2401 at
488 2327 636 2404 heredes
662 2331 771 2402 uestri
797 2351 839 2400 ao
863 2347 1091 2402 successores
1117 2327 1271 2424 impediri
1297 2333 1448 2425 possetis
1464 2329 1522 2402 uel
1543 2327 1723 2425 dampnum

337 2429 475 2528 aliquod
500 2433 677 2504 incurrere
707 2438 746 2501 et
778 2431 809 2505 si
844 2447 1013 2523 processu
1049 2433 1213 2525 temporis
1242 2433 1428 2504 occasione
1460 2429 1602 2502 alicuius
1630 2449 1723 2502 con-

337 2541 465 2608 tractus
492 2552 554 2627 par
579 2552 645 2604 nos
671 2527 794 2620 babiti,
828 2551 914 2619 uos,
949 2551 1011 2604 seu
1047 2527 1194 2607 heredes
1231 2533 1339 2604 uestri
1365 2530 1551 2628 ,dampnum
1586 2527 1725 2625 aliquod

337 2637 515 2713 incarrere
542 2633 738 2725 contigerit,
764 2628 832 2704 boc
856 2632 932 2704 sine
950 2628 1176 2707 diminucione
1192 2628 1342 2724 qualibet
1356 2633 1583 2726 promittimus
1599 2651 1723 2702 rasar-

340 2737 425 2824 pire,
451 2740 752 2826 nosnostrosque
779 2751 1007 2804 successores
1048 2730 1089 2804 ad
1122 2731 1189 2804 boc
1223 2733 1257 2806 in
1288 2741 1486 2827 perpetuum
1514 2729 1722 2826 obligantes.

338 2832 377 2908 111
400 2835 498 2908 cuius
524 2835 577 2904 rai
602 2833 834 2905 testimonium
860 2839 895 2902 et
919 2829 1025 2904 robur
1057 2842 1222 2928 perpetua
1257 2827 1422 2904 firmitatis
1455 2841 1490 2904 et
1522 2833 1724 2904 memoriam

339 2933 528 3015 futurorum
554 2941 736 3026 presentes
761 2931 880 3004 literas
913 2939 1035 3004 nostro
1072 2941 1107 3012 et
1144 2931 1281 3027 capituli
1314 2935 1426 3006 nostri
1461 2931 1587 3026 sigillis
1623 2928 1723 3004 uobis

339 3033 503 3109 tradimus
529 3033 710 3127 sigillatas,
763 3033 885 3106 Datum
911 3029 1088 3127 Herbipoli
1115 3055 1204 3108 anuo
1231 3029 1358 3106 domini
1380 3031 1439 3106 bl0·
1456 3031 1539 3106 00⁰·
1553 3029 1723 3122 LXXX0,

339 3133 450 3222 idibus
467 3131 495 3227 ¹)
519 3133 663 3230 Aprilis,
688 3129 903 3229 pontificatus
929 3135 1039 3206 nostri
1065 3155 1154 3206 anno
1182 3143 1295 3208 sexto.

550 3333 654 3422 sigilla
677 3334 761 3398 laesa
782 3339 860 3398 suat.

554 3446 580 3527 1)
603 3447 730 3514 otuu:
753 3448 875 3528 „reuss
