<?xml version="1.0" encoding="UTF-8"?>
<!DOCTYPE html PUBLIC "-//W3C//DTD XHTML 1.0 Transitional//EN"
    "http://www.w3.org/TR/xhtml1/DTD/xhtml1-transitional.dtd">
<html xmlns="http://www.w3.org/1999/xhtml" xml:lang="en" lang="en">
 <head>
  <title>
</title>
<meta http-equiv="Content-Type" content="text/html;charset=utf-8" />
  <meta name='ocr-system' content='tesseract 3.04.00' />
  <meta name='ocr-capabilities' content='ocr_page ocr_carea ocr_par ocr_line ocrx_word'/>
</head>
<body>
  <div class='ocr_page' id='page_1' title='image "./monumentaboica00karagoog_0284.png"; bbox 0 0 3768 4728; ppageno 0'>
   <div class='ocr_carea' id='block_1_1' title="bbox 329 508 1219 582">
    <p class='ocr_par' dir='ltr' id='par_1_1' title="bbox 329 508 1219 582">
     <span class='ocr_line' id='line_1_1' title="bbox 329 508 1219 582; baseline 0.001 -1"><span class='ocrx_word' id='word_1_1' title='bbox 329 513 399 582; x_wconf 67' lang='grc' dir='ltr'><strong>ί272</strong></span> <span class='ocrx_word' id='word_1_2' title='bbox 1001 508 1219 582; x_wconf 85' lang='lat' dir='ltr'><strong>lllonumenta</strong></span> 
     </span>
    </p>
   </div>
   <div class='ocr_carea' id='block_1_2' title="bbox 270 706 1743 4097">
    <p class='ocr_par' dir='ltr' id='par_1_2' title="bbox 270 706 1743 4097">
     <span class='ocr_line' id='line_1_2' title="bbox 327 706 1714 804; baseline -0.001 -20"><span class='ocrx_word' id='word_1_3' title='bbox 327 707 608 784; x_wconf 85' lang='lat' dir='ltr'><strong>Wernhardu</strong></span> <span class='ocrx_word' id='word_1_4' title='bbox 622 731 651 798; x_wconf 88' lang='lat' dir='ltr'><strong>s,</strong></span> <span class='ocrx_word' id='word_1_5' title='bbox 677 706 767 782; x_wconf 83' lang='lat' dir='ltr'><strong>ttius</strong></span> <span class='ocrx_word' id='word_1_6' title='bbox 794 707 946 803; x_wconf 75' lang='lat' dir='ltr'><strong>predicte</strong></span> <span class='ocrx_word' id='word_1_7' title='bbox 972 708 1122 798; x_wconf 90' lang='lat' dir='ltr'><strong>domine,</strong></span> <span class='ocrx_word' id='word_1_8' title='bbox 1148 721 1338 804; x_wconf 83' lang='lat' dir='ltr'><strong>anteqran.</strong></span> <span class='ocrx_word' id='word_1_9' title='bbox 1353 709 1576 804; x_wconf 82' lang='lat' dir='ltr'><strong>complanarit</strong></span> <span class='ocrx_word' id='word_1_10' title='bbox 1601 727 1714 782; x_wconf 86' lang='lat' dir='ltr'><strong>annos</strong></span> 
     </span>
     <span class='ocr_line' id='line_1_3' title="bbox 329 807 1713 904; baseline -0.001 -22"><span class='ocrx_word' id='word_1_11' title='bbox 329 810 573 900; x_wconf 76' lang='lat' dir='ltr'><strong>discretionis,</strong></span> <span class='ocrx_word' id='word_1_12' title='bbox 610 808 669 882; x_wconf 90' lang='lat' dir='ltr'><strong>uel</strong></span> <span class='ocrx_word' id='word_1_13' title='bbox 704 811 735 880; x_wconf 90' lang='lat' dir='ltr'><strong>si</strong></span> <span class='ocrx_word' id='word_1_14' title='bbox 760 817 839 904; x_wconf 91' lang='lat' dir='ltr'><strong>post</strong></span> <span class='ocrx_word' id='word_1_15' title='bbox 863 831 973 882; x_wconf 86' lang='lat' dir='ltr'><strong>annos</strong></span> <span class='ocrx_word' id='word_1_16' title='bbox 999 807 1216 884; x_wconf 75' lang='lat' dir='ltr'><strong>discretionis</strong></span> <span class='ocrx_word' id='word_1_17' title='bbox 1251 813 1327 884; x_wconf 86' lang='lat' dir='ltr'><strong>sine</strong></span> <span class='ocrx_word' id='word_1_18' title='bbox 1361 808 1481 882; x_wconf 88' lang='lat' dir='ltr'><strong>liberis</strong></span> <span class='ocrx_word' id='word_1_19' title='bbox 1506 807 1713 896; x_wconf 82' lang='lat' dir='ltr'><strong>decesserit,</strong></span> 
     </span>
     <span class='ocr_line' id='line_1_4' title="bbox 329 905 1714 1005; baseline -0.001 -23"><span class='ocrx_word' id='word_1_20' title='bbox 329 919 477 982; x_wconf 77' lang='lat' dir='ltr'><strong>castrum</strong></span> <span class='ocrx_word' id='word_1_21' title='bbox 503 907 626 981; x_wconf 85' lang='lat' dir='ltr'><strong>dictum</strong></span> <span class='ocrx_word' id='word_1_22' title='bbox 653 905 892 998; x_wconf 87' lang='lat' dir='ltr'><strong>Stolberc,</strong></span> <span class='ocrx_word' id='word_1_23' title='bbox 930 909 1020 1003; x_wconf 89' lang='lat' dir='ltr'><strong>quod</strong></span> <span class='ocrx_word' id='word_1_24' title='bbox 1046 907 1087 980; x_wconf 82' lang='lat' dir='ltr'><strong>ab</strong></span> <span class='ocrx_word' id='word_1_25' title='bbox 1114 912 1278 1005; x_wconf 88' lang='lat' dir='ltr'><strong>episcopo</strong></span> <span class='ocrx_word' id='word_1_26' title='bbox 1305 920 1418 1000; x_wconf 87' lang='lat' dir='ltr'><strong>tenet,</strong></span> <span class='ocrx_word' id='word_1_27' title='bbox 1444 920 1480 980; x_wconf 90' lang='lat' dir='ltr'><strong>et</strong></span> <span class='ocrx_word' id='word_1_28' title='bbox 1504 911 1619 980; x_wconf 86' lang='lat' dir='ltr'><strong>omnia</strong></span> <span class='ocrx_word' id='word_1_29' title='bbox 1644 909 1714 980; x_wconf 83' lang='lat' dir='ltr'><strong>clio</strong></span> 
     </span>
     <span class='ocr_line' id='line_1_5' title="bbox 328 1006 1714 1104; baseline 0.001 -24"><span class='ocrx_word' id='word_1_30' title='bbox 328 1009 431 1098; x_wconf 86' lang='lat' dir='ltr'><strong>bonu,</strong></span> <span class='ocrx_word' id='word_1_31' title='bbox 458 1030 523 1102; x_wconf 91' lang='lat' dir='ltr'><strong>que</strong></span> <span class='ocrx_word' id='word_1_32' title='bbox 550 1007 706 1083; x_wconf 89' lang='lat' dir='ltr'><strong>similiter</strong></span> <span class='ocrx_word' id='word_1_33' title='bbox 731 1006 772 1078; x_wconf 87' lang='lat' dir='ltr'><strong>ab</strong></span> <span class='ocrx_word' id='word_1_34' title='bbox 798 1011 962 1104; x_wconf 89' lang='lat' dir='ltr'><strong>episcopo</strong></span> <span class='ocrx_word' id='word_1_35' title='bbox 989 1011 1024 1080; x_wconf 91' lang='lat' dir='ltr'><strong>iu</strong></span> <span class='ocrx_word' id='word_1_36' title='bbox 1049 1007 1152 1082; x_wconf 85' lang='lat' dir='ltr'><strong>feodo</strong></span> <span class='ocrx_word' id='word_1_37' title='bbox 1180 1007 1357 1104; x_wconf 80' lang='lat' dir='ltr'><strong>possidet,</strong></span> <span class='ocrx_word' id='word_1_38' title='bbox 1381 1008 1519 1081; x_wconf 91' lang='lat' dir='ltr'><strong>domino</strong></span> <span class='ocrx_word' id='word_1_39' title='bbox 1546 1012 1714 1104; x_wconf 89' lang='lat' dir='ltr'><strong>episcopo</strong></span> 
     </span>
     <span class='ocr_line' id='line_1_6' title="bbox 329 1105 1714 1204; baseline -0.003 -20"><span class='ocrx_word' id='word_1_40' title='bbox 329 1121 365 1184; x_wconf 88' lang='lat' dir='ltr'><strong>et</strong></span> <span class='ocrx_word' id='word_1_41' title='bbox 390 1107 541 1182; x_wconf 88' lang='lat' dir='ltr'><strong>ecclesie</strong></span> <span class='ocrx_word' id='word_1_42' title='bbox 566 1106 801 1204; x_wconf 88' lang='lat' dir='ltr'><strong>herbipolensi</strong></span> <span class='ocrx_word' id='word_1_43' title='bbox 826 1107 951 1180; x_wconf 82' lang='lat' dir='ltr'><strong>cedent</strong></span> <span class='ocrx_word' id='word_1_44' title='bbox 975 1107 1085 1180; x_wconf 83' lang='lat' dir='ltr'><strong>libera</strong></span> <span class='ocrx_word' id='word_1_45' title='bbox 1111 1119 1146 1181; x_wconf 91' lang='lat' dir='ltr'><strong>et</strong></span> <span class='ocrx_word' id='word_1_46' title='bbox 1160 1109 1285 1200; x_wconf 86' lang='lat' dir='ltr'><strong>solute,</strong></span> <span class='ocrx_word' id='word_1_47' title='bbox 1311 1112 1358 1180; x_wconf 87' lang='lat' dir='ltr'><strong>ita</strong></span> <span class='ocrx_word' id='word_1_48' title='bbox 1370 1119 1495 1199; x_wconf 90' lang='lat' dir='ltr'><strong>tamen,</strong></span> <span class='ocrx_word' id='word_1_49' title='bbox 1520 1105 1611 1202; x_wconf 90' lang='lat' dir='ltr'><strong>quod</strong></span> <span class='ocrx_word' id='word_1_50' title='bbox 1625 1131 1714 1204; x_wconf 90' lang='lat' dir='ltr'><strong>pre-</strong></span> 
     </span>
     <span class='ocr_line' id='line_1_7' title="bbox 328 1206 1715 1304; baseline -0.001 -23"><span class='ocrx_word' id='word_1_51' title='bbox 328 1209 416 1282; x_wconf 89' lang='lat' dir='ltr'><strong>dicte</strong></span> <span class='ocrx_word' id='word_1_52' title='bbox 443 1206 580 1280; x_wconf 88' lang='lat' dir='ltr'><strong>domine</strong></span> <span class='ocrx_word' id='word_1_53' title='bbox 607 1207 751 1280; x_wconf 88' lang='lat' dir='ltr'><strong>ducente</strong></span> <span class='ocrx_word' id='word_1_54' title='bbox 777 1229 893 1279; x_wconf 88' lang='lat' dir='ltr'><strong>marce</strong></span> <span class='ocrx_word' id='word_1_55' title='bbox 921 1212 1055 1302; x_wconf 76' lang='lat' dir='ltr'><strong>argenti</strong></span> <span class='ocrx_word' id='word_1_56' title='bbox 1080 1218 1114 1280; x_wconf 87' lang='lat' dir='ltr'><strong>et</strong></span> <span class='ocrx_word' id='word_1_57' title='bbox 1139 1206 1209 1280; x_wconf 86' lang='lat' dir='ltr'><strong>filie</strong></span> <span class='ocrx_word' id='word_1_58' title='bbox 1233 1211 1367 1304; x_wconf 90' lang='lat' dir='ltr'><strong>ipsius,</strong></span> <span class='ocrx_word' id='word_1_59' title='bbox 1402 1231 1467 1302; x_wconf 91' lang='lat' dir='ltr'><strong>qne</strong></span> <span class='ocrx_word' id='word_1_60' title='bbox 1508 1207 1715 1280; x_wconf 86' lang='lat' dir='ltr'><strong>contrahere</strong></span> 
     </span>
     <span class='ocr_line' id='line_1_8' title="bbox 328 1299 1714 1403; baseline -0.003 -21"><span class='ocrx_word' id='word_1_61' title='bbox 328 1310 483 1403; x_wconf 77' lang='lat' dir='ltr'><strong>legitime</strong></span> <span class='ocrx_word' id='word_1_62' title='bbox 510 1319 545 1380; x_wconf 89' lang='lat' dir='ltr'><strong>et</strong></span> <span class='ocrx_word' id='word_1_63' title='bbox 570 1312 605 1380; x_wconf 91' lang='lat' dir='ltr'><strong>in</strong></span> <span class='ocrx_word' id='word_1_64' title='bbox 631 1305 751 1380; x_wconf 88' lang='lat' dir='ltr'><strong>seculo</strong></span> <span class='ocrx_word' id='word_1_65' title='bbox 777 1327 958 1380; x_wconf 87' lang='lat' dir='ltr'><strong>remanere</strong></span> <span class='ocrx_word' id='word_1_66' title='bbox 984 1307 1153 1399; x_wconf 87' lang='lat' dir='ltr'><strong>uoluerit,</strong></span> <span class='ocrx_word' id='word_1_67' title='bbox 1190 1309 1335 1382; x_wconf 89' lang='lat' dir='ltr'><strong>ducente</strong></span> <span class='ocrx_word' id='word_1_68' title='bbox 1361 1329 1475 1380; x_wconf 87' lang='lat' dir='ltr'><strong>marce</strong></span> <span class='ocrx_word' id='word_1_69' title='bbox 1501 1299 1649 1401; x_wconf 80' lang='lat' dir='ltr'><strong>argenti‘</strong></span> <span class='ocrx_word' id='word_1_70' title='bbox 1670 1305 1714 1378; x_wconf 89' lang='lat' dir='ltr'><strong>ab</strong></span> 
     </span>
     <span class='ocr_line' id='line_1_9' title="bbox 329 1405 1713 1504; baseline -0.002 -24"><span class='ocrx_word' id='word_1_71' title='bbox 329 1413 494 1504; x_wconf 88' lang='lat' dir='ltr'><strong>episcopo</strong></span> <span class='ocrx_word' id='word_1_72' title='bbox 521 1419 579 1480; x_wconf 86' lang='lat' dir='ltr'><strong>cut</strong></span> <span class='ocrx_word' id='word_1_73' title='bbox 604 1410 675 1481; x_wconf 91' lang='lat' dir='ltr'><strong>suis</strong></span> <span class='ocrx_word' id='word_1_74' title='bbox 703 1407 963 1482; x_wconf 88' lang='lat' dir='ltr'><strong>successoribus</strong></span> <span class='ocrx_word' id='word_1_75' title='bbox 1000 1408 1262 1502; x_wconf 85' lang='lat' dir='ltr'><strong>persoluentur,</strong></span> <span class='ocrx_word' id='word_1_76' title='bbox 1299 1429 1362 1502; x_wconf 93' lang='lat' dir='ltr'><strong>pro</strong></span> <span class='ocrx_word' id='word_1_77' title='bbox 1401 1405 1522 1503; x_wconf 89' lang='lat' dir='ltr'><strong>quibus</strong></span> <span class='ocrx_word' id='word_1_78' title='bbox 1556 1407 1713 1479; x_wconf 89' lang='lat' dir='ltr'><strong>ducentis</strong></span> 
     </span>
     <span class='ocr_line' id='line_1_10' title="bbox 327 1505 1713 1602; baseline -0.001 -22"><span class='ocrx_word' id='word_1_79' title='bbox 327 1511 452 1581; x_wconf 88' lang='lat' dir='ltr'><strong>marcis</strong></span> <span class='ocrx_word' id='word_1_80' title='bbox 479 1509 636 1602; x_wconf 87' lang='lat' dir='ltr'><strong>argenti,</strong></span> <span class='ocrx_word' id='word_1_81' title='bbox 662 1529 727 1602; x_wconf 86' lang='lat' dir='ltr'><strong>que</strong></span> <span class='ocrx_word' id='word_1_82' title='bbox 754 1507 962 1601; x_wconf 84' lang='lat' dir='ltr'><strong>sepedictam</strong></span> <span class='ocrx_word' id='word_1_83' title='bbox 988 1507 1157 1580; x_wconf 85' lang='lat' dir='ltr'><strong>dominam</strong></span> <span class='ocrx_word' id='word_1_84' title='bbox 1181 1511 1406 1600; x_wconf 88' lang='lat' dir='ltr'><strong>contingunt,</strong></span> <span class='ocrx_word' id='word_1_85' title='bbox 1439 1507 1540 1579; x_wconf 85' lang='lat' dir='ltr'><strong>uillas</strong></span> <span class='ocrx_word' id='word_1_86' title='bbox 1575 1505 1713 1580; x_wconf 86' lang='lat' dir='ltr'><strong>subno-</strong></span> 
     </span>
     <span class='ocr_line' id='line_1_11' title="bbox 327 1605 1712 1702; baseline -0.001 -24"><span class='ocrx_word' id='word_1_87' title='bbox 327 1617 415 1680; x_wconf 81' lang='lat' dir='ltr'><strong>tatas</strong></span> <span class='ocrx_word' id='word_1_88' title='bbox 441 1611 517 1701; x_wconf 91' lang='lat' dir='ltr'><strong>ipsa</strong></span> <span class='ocrx_word' id='word_1_89' title='bbox 541 1607 676 1680; x_wconf 88' lang='lat' dir='ltr'><strong>dominu</strong></span> <span class='ocrx_word' id='word_1_90' title='bbox 701 1610 839 1678; x_wconf 90' lang='lat' dir='ltr'><strong>nornine</strong></span> <span class='ocrx_word' id='word_1_91' title='bbox 864 1611 1018 1702; x_wconf 89' lang='lat' dir='ltr'><strong>pignoris</strong></span> <span class='ocrx_word' id='word_1_92' title='bbox 1052 1607 1231 1697; x_wconf 85' lang='lat' dir='ltr'><strong>retinebit,</strong></span> <span class='ocrx_word' id='word_1_93' title='bbox 1264 1607 1442 1680; x_wconf 87' lang='lat' dir='ltr'><strong>uidelicet:</strong></span> <span class='ocrx_word' id='word_1_94' title='bbox 1471 1605 1712 1696; x_wconf 86' lang='lat' dir='ltr'><strong>Schoneib,</strong></span> 
     </span>
     <span class='ocr_line' id='line_1_12' title="bbox 328 1705 1712 1800; baseline -0.001 -20"><span class='ocrx_word' id='word_1_95' title='bbox 328 1705 538 1796; x_wconf 86' lang='lat' dir='ltr'><strong>Binebah,</strong></span> <span class='ocrx_word' id='word_1_96' title='bbox 565 1705 857 1778; x_wconf 84' lang='lat' dir='ltr'><strong>Camernorst</strong></span> <span class='ocrx_word' id='word_1_97' title='bbox 890 1717 923 1778; x_wconf 92' lang='lat' dir='ltr'><strong>et</strong></span> <span class='ocrx_word' id='word_1_98' title='bbox 948 1729 1105 1778; x_wconf 87' lang='lat' dir='ltr'><strong>nonam</strong></span> <span class='ocrx_word' id='word_1_99' title='bbox 1145 1707 1320 1795; x_wconf 79' lang='lat' dir='ltr'><strong>uillam3</strong></span> <span class='ocrx_word' id='word_1_100' title='bbox 1359 1717 1394 1779; x_wconf 91' lang='lat' dir='ltr'><strong>et</strong></span> <span class='ocrx_word' id='word_1_101' title='bbox 1428 1710 1458 1780; x_wconf 91' lang='lat' dir='ltr'><strong>si</strong></span> <span class='ocrx_word' id='word_1_102' title='bbox 1497 1706 1566 1778; x_wconf 87' lang='lat' dir='ltr'><strong>lrlin</strong></span> <span class='ocrx_word' id='word_1_103' title='bbox 1602 1709 1712 1800; x_wconf 88' lang='lat' dir='ltr'><strong>ipsius</strong></span> 
     </span>
     <span class='ocr_line' id='line_1_13' title="bbox 329 1803 1711 1903; baseline -0.002 -24"><span class='ocrx_word' id='word_1_104' title='bbox 329 1806 542 1896; x_wconf 69' lang='lat' dir='ltr'><strong>decesserit,</strong></span> <span class='ocrx_word' id='word_1_105' title='bbox 575 1816 683 1877; x_wconf 89' lang='lat' dir='ltr'><strong>mater</strong></span> <span class='ocrx_word' id='word_1_106' title='bbox 709 1803 871 1880; x_wconf 89' lang='lat' dir='ltr'><strong>suecedet</strong></span> <span class='ocrx_word' id='word_1_107' title='bbox 909 1805 1019 1878; x_wconf 88' lang='lat' dir='ltr'><strong>eidem</strong></span> <span class='ocrx_word' id='word_1_108' title='bbox 1054 1808 1088 1877; x_wconf 90' lang='lat' dir='ltr'><strong>in</strong></span> <span class='ocrx_word' id='word_1_109' title='bbox 1114 1810 1313 1903; x_wconf 87' lang='lat' dir='ltr'><strong>receptione</strong></span> <span class='ocrx_word' id='word_1_110' title='bbox 1339 1810 1483 1902; x_wconf 91' lang='lat' dir='ltr'><strong>pecunie</strong></span> <span class='ocrx_word' id='word_1_111' title='bbox 1509 1817 1711 1879; x_wconf 88' lang='lat' dir='ltr'><strong>memorate.</strong></span> 
     </span>
     <span class='ocr_line' id='line_1_14' title="bbox 279 1905 1711 2002; baseline -0.001 -24"><span class='ocrx_word' id='word_1_112' title='bbox 279 1922 281 1931; x_wconf 69' lang='grc'><strong>“</strong></span> <span class='ocrx_word' id='word_1_113' title='bbox 327 1905 405 2002; x_wconf 89' lang='lat' dir='ltr'><strong>Ipsa</strong></span> <span class='ocrx_word' id='word_1_114' title='bbox 432 1908 534 1976; x_wconf 90' lang='lat' dir='ltr'><strong>etiam</strong></span> <span class='ocrx_word' id='word_1_115' title='bbox 561 1906 695 1977; x_wconf 87' lang='lat' dir='ltr'><strong>domina</strong></span> <span class='ocrx_word' id='word_1_116' title='bbox 720 1913 926 2000; x_wconf 82' lang='lat' dir='ltr'><strong>potestatem</strong></span> <span class='ocrx_word' id='word_1_117' title='bbox 948 1905 1095 1995; x_wconf 89' lang='lat' dir='ltr'><strong>habebit,</strong></span> <span class='ocrx_word' id='word_1_118' title='bbox 1122 1905 1164 1978; x_wconf 91' lang='lat' dir='ltr'><strong>de</strong></span> <span class='ocrx_word' id='word_1_119' title='bbox 1179 1910 1336 2002; x_wconf 87' lang='lat' dir='ltr'><strong>pecunia,</strong></span> <span class='ocrx_word' id='word_1_120' title='bbox 1362 1929 1515 2001; x_wconf 88' lang='lat' dir='ltr'><strong>queeam</strong></span> <span class='ocrx_word' id='word_1_121' title='bbox 1532 1909 1711 1997; x_wconf 88' lang='lat' dir='ltr'><strong>contingit,</strong></span> 
     </span>
     <span class='ocr_line' id='line_1_15' title="bbox 329 2004 1712 2101; baseline -0.001 -23"><span class='ocrx_word' id='word_1_122' title='bbox 329 2004 479 2100; x_wconf 85' lang='lat' dir='ltr'><strong>legundi,</strong></span> <span class='ocrx_word' id='word_1_123' title='bbox 506 2004 665 2095; x_wconf 89' lang='lat' dir='ltr'><strong>donandi,</strong></span> <span class='ocrx_word' id='word_1_124' title='bbox 690 2006 747 2077; x_wconf 93' lang='lat' dir='ltr'><strong>uel</strong></span> <span class='ocrx_word' id='word_1_125' title='bbox 774 2009 921 2100; x_wconf 79' lang='lat' dir='ltr'><strong>quicquit</strong></span> <span class='ocrx_word' id='word_1_126' title='bbox 947 2005 989 2078; x_wconf 90' lang='lat' dir='ltr'><strong>cb</strong></span> <span class='ocrx_word' id='word_1_127' title='bbox 1014 2005 1093 2078; x_wconf 92' lang='lat' dir='ltr'><strong>inde</strong></span> <span class='ocrx_word' id='word_1_128' title='bbox 1119 2005 1285 2101; x_wconf 78' lang='lat' dir='ltr'><strong>placuerit</strong></span> <span class='ocrx_word' id='word_1_129' title='bbox 1310 2006 1495 2078; x_wconf 87' lang='lat' dir='ltr'><strong>ordinandi.</strong></span> <span class='ocrx_word' id='word_1_130' title='bbox 1546 2007 1712 2078; x_wconf 82' lang='lat' dir='ltr'><strong>Preteren</strong></span> 
     </span>
     <span class='ocr_line' id='line_1_16' title="bbox 330 2105 1711 2199; baseline -0.001 -22"><span class='ocrx_word' id='word_1_131' title='bbox 330 2105 495 2177; x_wconf 90' lang='lat' dir='ltr'><strong>dabuntur</strong></span> <span class='ocrx_word' id='word_1_132' title='bbox 522 2105 768 2196; x_wconf 83' lang='lat' dir='ltr'><strong>castrensibus,</strong></span> <span class='ocrx_word' id='word_1_133' title='bbox 795 2108 850 2199; x_wconf 93' lang='lat' dir='ltr'><strong>qui</strong></span> <span class='ocrx_word' id='word_1_134' title='bbox 876 2109 909 2178; x_wconf 92' lang='lat' dir='ltr'><strong>in</strong></span> <span class='ocrx_word' id='word_1_135' title='bbox 928 2117 1041 2178; x_wconf 87' lang='lat' dir='ltr'><strong>castro</strong></span> <span class='ocrx_word' id='word_1_136' title='bbox 1055 2116 1135 2178; x_wconf 92' lang='lat' dir='ltr'><strong>tunc</strong></span> <span class='ocrx_word' id='word_1_137' title='bbox 1151 2105 1488 2195; x_wconf 87' lang='lat' dir='ltr'><strong>luerintresidentos,</strong></span> <span class='ocrx_word' id='word_1_138' title='bbox 1515 2108 1545 2178; x_wconf 92' lang='lat' dir='ltr'><strong>si</strong></span> <span class='ocrx_word' id='word_1_139' title='bbox 1562 2117 1711 2178; x_wconf 88' lang='lat' dir='ltr'><strong>castrum</strong></span> 
     </span>
     <span class='ocr_line' id='line_1_17' title="bbox 330 2203 1711 2302; baseline -0.002 -24"><span class='ocrx_word' id='word_1_140' title='bbox 330 2217 364 2278; x_wconf 88' lang='lat' dir='ltr'><strong>et</strong></span> <span class='ocrx_word' id='word_1_141' title='bbox 388 2204 491 2277; x_wconf 89' lang='lat' dir='ltr'><strong>leoda</strong></span> <span class='ocrx_word' id='word_1_142' title='bbox 518 2209 688 2280; x_wconf 88' lang='lat' dir='ltr'><strong>cesserint</strong></span> <span class='ocrx_word' id='word_1_143' title='bbox 726 2205 863 2279; x_wconf 90' lang='lat' dir='ltr'><strong>domino</strong></span> <span class='ocrx_word' id='word_1_144' title='bbox 903 2210 1086 2302; x_wconf 85' lang='lat' dir='ltr'><strong>episcopo,</strong></span> <span class='ocrx_word' id='word_1_145' title='bbox 1122 2217 1255 2277; x_wconf 89' lang='lat' dir='ltr'><strong>centnm</strong></span> <span class='ocrx_word' id='word_1_146' title='bbox 1289 2228 1404 2278; x_wconf 89' lang='lat' dir='ltr'><strong>marce</strong></span> <span class='ocrx_word' id='word_1_147' title='bbox 1429 2209 1562 2300; x_wconf 87' lang='lat' dir='ltr'><strong>argenti</strong></span> <span class='ocrx_word' id='word_1_148' title='bbox 1588 2203 1711 2277; x_wconf 91' lang='lat' dir='ltr'><strong>distri-</strong></span> 
     </span>
     <span class='ocr_line' id='line_1_18' title="bbox 331 2304 1711 2396; baseline -0.001 -19"><span class='ocrx_word' id='word_1_149' title='bbox 331 2306 466 2378; x_wconf 85' lang='lat' dir='ltr'><strong>buendo</strong></span> <span class='ocrx_word' id='word_1_150' title='bbox 493 2305 534 2378; x_wconf 87' lang='lat' dir='ltr'><strong>ad</strong></span> <span class='ocrx_word' id='word_1_151' title='bbox 561 2305 740 2380; x_wconf 87' lang='lat' dir='ltr'><strong>consilium</strong></span> <span class='ocrx_word' id='word_1_152' title='bbox 765 2304 994 2378; x_wconf 89' lang='lat' dir='ltr'><strong>Ludewici</strong></span> <span class='ocrx_word' id='word_1_153' title='bbox 1034 2305 1075 2377; x_wconf 90' lang='lat' dir='ltr'><strong>de</strong></span> <span class='ocrx_word' id='word_1_154' title='bbox 1103 2305 1368 2396; x_wconf 87' lang='lat' dir='ltr'><strong>Steteberc,</strong></span> <span class='ocrx_word' id='word_1_155' title='bbox 1405 2305 1464 2378; x_wconf 88' lang='lat' dir='ltr'><strong>vel</strong></span> <span class='ocrx_word' id='word_1_156' title='bbox 1501 2305 1711 2376; x_wconf 89' lang='lat' dir='ltr'><strong>Heinrici</strong></span> 
     </span>
     <span class='ocr_line' id='line_1_19' title="bbox 329 2401 1710 2502; baseline 0 -24"><span class='ocrx_word' id='word_1_157' title='bbox 329 2401 481 2496; x_wconf 86' lang='lat' dir='ltr'><strong>irldtel,</strong></span> <span class='ocrx_word' id='word_1_158' title='bbox 508 2410 537 2479; x_wconf 91' lang='lat' dir='ltr'><strong>si</strong></span> <span class='ocrx_word' id='word_1_159' title='bbox 564 2417 740 2502; x_wconf 89' lang='lat' dir='ltr'><strong>superstes</strong></span> <span class='ocrx_word' id='word_1_160' title='bbox 774 2403 878 2477; x_wconf 84' lang='lat' dir='ltr'><strong>luerit</strong></span> <span class='ocrx_word' id='word_1_161' title='bbox 912 2415 1108 2500; x_wconf 91' lang='lat' dir='ltr'><strong>premortuo</strong></span> <span class='ocrx_word' id='word_1_162' title='bbox 1142 2405 1391 2477; x_wconf 85' lang='lat' dir='ltr'><strong>Ludewico.</strong></span> <span class='ocrx_word' id='word_1_163' title='bbox 1442 2403 1527 2477; x_wconf 88' lang='lat' dir='ltr'><strong>ltem</strong></span> <span class='ocrx_word' id='word_1_164' title='bbox 1553 2403 1710 2478; x_wconf 87' lang='lat' dir='ltr'><strong>domiuus</strong></span> 
     </span>
     <span class='ocr_line' id='line_1_20' title="bbox 331 2503 1711 2602; baseline -0.001 -25"><span class='ocrx_word' id='word_1_165' title='bbox 331 2511 514 2602; x_wconf 88' lang='lat' dir='ltr'><strong>episcopus</strong></span> <span class='ocrx_word' id='word_1_166' title='bbox 540 2529 602 2600; x_wconf 93' lang='lat' dir='ltr'><strong>pro</strong></span> <span class='ocrx_word' id='word_1_167' title='bbox 629 2505 783 2577; x_wconf 89' lang='lat' dir='ltr'><strong>remedio</strong></span> <span class='ocrx_word' id='word_1_168' title='bbox 810 2509 921 2577; x_wconf 88' lang='lat' dir='ltr'><strong>anime</strong></span> <span class='ocrx_word' id='word_1_169' title='bbox 937 2505 1171 2578; x_wconf 86' lang='lat' dir='ltr'><strong>Ludewici</strong></span> <span class='ocrx_word' id='word_1_170' title='bbox 1197 2505 1239 2577; x_wconf 91' lang='lat' dir='ltr'><strong>de</strong></span> <span class='ocrx_word' id='word_1_171' title='bbox 1256 2503 1469 2577; x_wconf 90' lang='lat' dir='ltr'><strong>Stolberc</strong></span> <span class='ocrx_word' id='word_1_172' title='bbox 1494 2503 1579 2576; x_wconf 92' lang='lat' dir='ltr'><strong>dnos</strong></span> <span class='ocrx_word' id='word_1_173' title='bbox 1602 2507 1711 2576; x_wconf 90' lang='lat' dir='ltr'><strong>mittet</strong></span> 
     </span>
     <span class='ocr_line' id='line_1_21' title="bbox 331 2601 1711 2699; baseline -0.001 -23"><span class='ocrx_word' id='word_1_174' title='bbox 331 2617 494 2696; x_wconf 87' lang='lat' dir='ltr'><strong>armatos,</strong></span> <span class='ocrx_word' id='word_1_175' title='bbox 521 2604 639 2699; x_wconf 92' lang='lat' dir='ltr'><strong>quibus</strong></span> <span class='ocrx_word' id='word_1_176' title='bbox 666 2605 708 2676; x_wconf 87' lang='lat' dir='ltr'><strong>ad</strong></span> <span class='ocrx_word' id='word_1_177' title='bbox 734 2608 844 2682; x_wconf 88' lang='lat' dir='ltr'><strong>minus</strong></span> <span class='ocrx_word' id='word_1_178' title='bbox 871 2603 960 2676; x_wconf 86' lang='lat' dir='ltr'><strong>dabit</strong></span> <span class='ocrx_word' id='word_1_179' title='bbox 986 2607 1167 2698; x_wconf 83' lang='lat' dir='ltr'><strong>sexaginta</strong></span> <span class='ocrx_word' id='word_1_180' title='bbox 1206 2627 1337 2678; x_wconf 85' lang='lat' dir='ltr'><strong>marcas</strong></span> <span class='ocrx_word' id='word_1_181' title='bbox 1373 2608 1506 2697; x_wconf 87' lang='lat' dir='ltr'><strong>argenti</strong></span> <span class='ocrx_word' id='word_1_182' title='bbox 1545 2603 1586 2676; x_wconf 91' lang='lat' dir='ltr'><strong>ad</strong></span> <span class='ocrx_word' id='word_1_183' title='bbox 1622 2601 1711 2676; x_wconf 91' lang='lat' dir='ltr'><strong>sub·</strong></span> 
     </span>
     <span class='ocr_line' id='line_1_22' title="bbox 331 2704 1711 2800; baseline -0.002 -22"><span class='ocrx_word' id='word_1_184' title='bbox 331 2705 451 2779; x_wconf 90' lang='lat' dir='ltr'><strong>sidium</strong></span> <span class='ocrx_word' id='word_1_185' title='bbox 478 2715 570 2775; x_wconf 90' lang='lat' dir='ltr'><strong>terre</strong></span> <span class='ocrx_word' id='word_1_186' title='bbox 597 2715 724 2776; x_wconf 85' lang='lat' dir='ltr'><strong>sancte.</strong></span> <span class='ocrx_word' id='word_1_187' title='bbox 777 2705 897 2777; x_wconf 88' lang='lat' dir='ltr'><strong>Dictus</strong></span> <span class='ocrx_word' id='word_1_188' title='bbox 925 2707 1025 2776; x_wconf 87' lang='lat' dir='ltr'><strong>etiam</strong></span> <span class='ocrx_word' id='word_1_189' title='bbox 1053 2704 1207 2778; x_wconf 88' lang='lat' dir='ltr'><strong>dominus</strong></span> <span class='ocrx_word' id='word_1_190' title='bbox 1235 2707 1417 2800; x_wconf 88' lang='lat' dir='ltr'><strong>episcopus</strong></span> <span class='ocrx_word' id='word_1_191' title='bbox 1435 2704 1711 2776; x_wconf 86' lang='lat' dir='ltr'><strong>castrenseleo-</strong></span> 
     </span>
     <span class='ocr_line' id='line_1_23' title="bbox 331 2803 1712 2898; baseline -0.001 -21"><span class='ocrx_word' id='word_1_192' title='bbox 331 2805 409 2878; x_wconf 90' lang='lat' dir='ltr'><strong>dum</strong></span> <span class='ocrx_word' id='word_1_193' title='bbox 443 2803 631 2896; x_wconf 83' lang='lat' dir='ltr'><strong>assignabit</strong></span> <span class='ocrx_word' id='word_1_194' title='bbox 669 2803 804 2875; x_wconf 90' lang='lat' dir='ltr'><strong>domine</strong></span> <span class='ocrx_word' id='word_1_195' title='bbox 845 2815 1032 2876; x_wconf 85' lang='lat' dir='ltr'><strong>memorate</strong></span> <span class='ocrx_word' id='word_1_196' title='bbox 1071 2814 1105 2876; x_wconf 94' lang='lat' dir='ltr'><strong>et</strong></span> <span class='ocrx_word' id='word_1_197' title='bbox 1142 2808 1269 2876; x_wconf 86' lang='lat' dir='ltr'><strong>curiam</strong></span> <span class='ocrx_word' id='word_1_198' title='bbox 1304 2808 1339 2878; x_wconf 87' lang='lat' dir='ltr'><strong>in</strong></span> <span class='ocrx_word' id='word_1_199' title='bbox 1374 2815 1512 2892; x_wconf 88' lang='lat' dir='ltr'><strong>castro,</strong></span> <span class='ocrx_word' id='word_1_200' title='bbox 1544 2825 1643 2898; x_wconf 64' lang='lat' dir='ltr'><strong>mum</strong></span> <span class='ocrx_word' id='word_1_201' title='bbox 1677 2807 1712 2876; x_wconf 90' lang='lat' dir='ltr'><strong>in</strong></span> 
     </span>
     <span class='ocr_line' id='line_1_24' title="bbox 332 2901 1712 3000; baseline 0 -26"><span class='ocrx_word' id='word_1_202' title='bbox 332 2905 503 2976; x_wconf 84' lang='lat' dir='ltr'><strong>castrensi</strong></span> <span class='ocrx_word' id='word_1_203' title='bbox 527 2901 644 2991; x_wconf 88' lang='lat' dir='ltr'><strong>leode,</strong></span> <span class='ocrx_word' id='word_1_204' title='bbox 671 2905 700 2974; x_wconf 90' lang='lat' dir='ltr'><strong>si</strong></span> <span class='ocrx_word' id='word_1_205' title='bbox 726 2903 904 2998; x_wconf 84' lang='lat' dir='ltr'><strong>placuerit,</strong></span> <span class='ocrx_word' id='word_1_206' title='bbox 930 2901 1128 3000; x_wconf 85' lang='lat' dir='ltr'><strong>possidebit,</strong></span> <span class='ocrx_word' id='word_1_207' title='bbox 1158 2905 1385 2998; x_wconf 87' lang='lat' dir='ltr'><strong>autaliquem</strong></span> <span class='ocrx_word' id='word_1_208' title='bbox 1411 2903 1538 2976; x_wconf 85' lang='lat' dir='ltr'><strong>locabit</strong></span> <span class='ocrx_word' id='word_1_209' title='bbox 1551 2902 1712 2976; x_wconf 86' lang='lat' dir='ltr'><strong>ideonum</strong></span> 
     </span>
     <span class='ocr_line' id='line_1_25' title="bbox 332 3001 1712 3102; baseline 0 -26"><span class='ocrx_word' id='word_1_210' title='bbox 332 3007 366 3076; x_wconf 92' lang='lat' dir='ltr'><strong>in</strong></span> <span class='ocrx_word' id='word_1_211' title='bbox 392 3001 525 3092; x_wconf 88' lang='lat' dir='ltr'><strong>eadem,</strong></span> <span class='ocrx_word' id='word_1_212' title='bbox 550 3012 682 3074; x_wconf 87' lang='lat' dir='ltr'><strong>retenta</strong></span> <span class='ocrx_word' id='word_1_213' title='bbox 709 3001 844 3076; x_wconf 89' lang='lat' dir='ltr'><strong>domino</strong></span> <span class='ocrx_word' id='word_1_214' title='bbox 872 3007 1037 3098; x_wconf 88' lang='lat' dir='ltr'><strong>episcopo</strong></span> <span class='ocrx_word' id='word_1_215' title='bbox 1065 3007 1158 3075; x_wconf 90' lang='lat' dir='ltr'><strong>curia</strong></span> <span class='ocrx_word' id='word_1_216' title='bbox 1183 3004 1370 3102; x_wconf 89' lang='lat' dir='ltr'><strong>principali.</strong></span> <span class='ocrx_word' id='word_1_217' title='bbox 1408 3001 1492 3075; x_wconf 88' lang='lat' dir='ltr'><strong>Item</strong></span> <span class='ocrx_word' id='word_1_218' title='bbox 1512 3005 1542 3074; x_wconf 89' lang='lat' dir='ltr'><strong>si</strong></span> <span class='ocrx_word' id='word_1_219' title='bbox 1562 3014 1712 3078; x_wconf 86' lang='lat' dir='ltr'><strong>castrum</strong></span> 
     </span>
     <span class='ocr_line' id='line_1_26' title="bbox 332 3100 1712 3199; baseline 0.002 -26"><span class='ocrx_word' id='word_1_220' title='bbox 332 3100 375 3173; x_wconf 88' lang='lat' dir='ltr'><strong>ad</strong></span> <span class='ocrx_word' id='word_1_221' title='bbox 401 3102 583 3176; x_wconf 89' lang='lat' dir='ltr'><strong>ecclesiam</strong></span> <span class='ocrx_word' id='word_1_222' title='bbox 610 3101 811 3174; x_wconf 91' lang='lat' dir='ltr'><strong>deuoluetur</strong></span> <span class='ocrx_word' id='word_1_223' title='bbox 837 3125 900 3199; x_wconf 91' lang='lat' dir='ltr'><strong>per</strong></span> <span class='ocrx_word' id='word_1_224' title='bbox 925 3114 1071 3176; x_wconf 91' lang='lat' dir='ltr'><strong>mortem</strong></span> <span class='ocrx_word' id='word_1_225' title='bbox 1096 3103 1363 3177; x_wconf 89' lang='lat' dir='ltr'><strong>Wernhardi</strong></span> <span class='ocrx_word' id='word_1_226' title='bbox 1402 3115 1623 3196; x_wconf 88' lang='lat' dir='ltr'><strong>castrenses,</strong></span> <span class='ocrx_word' id='word_1_227' title='bbox 1656 3105 1712 3198; x_wconf 90' lang='lat' dir='ltr'><strong>qul</strong></span> 
     </span>
     <span class='ocr_line' id='line_1_27' title="bbox 331 3201 1711 3298; baseline 0.001 -25"><span class='ocrx_word' id='word_1_228' title='bbox 331 3211 412 3274; x_wconf 89' lang='lat' dir='ltr'><strong>tnnc</strong></span> <span class='ocrx_word' id='word_1_229' title='bbox 436 3201 560 3274; x_wconf 86' lang='lat' dir='ltr'><strong>inerint</strong></span> <span class='ocrx_word' id='word_1_230' title='bbox 592 3205 626 3273; x_wconf 92' lang='lat' dir='ltr'><strong>in</strong></span> <span class='ocrx_word' id='word_1_231' title='bbox 653 3212 790 3292; x_wconf 89' lang='lat' dir='ltr'><strong>castro,</strong></span> <span class='ocrx_word' id='word_1_232' title='bbox 828 3201 1021 3275; x_wconf 88' lang='lat' dir='ltr'><strong>residentes</strong></span> <span class='ocrx_word' id='word_1_233' title='bbox 1057 3201 1257 3294; x_wconf 85' lang='lat' dir='ltr'><strong>cranebunt,</strong></span> <span class='ocrx_word' id='word_1_234' title='bbox 1298 3207 1328 3278; x_wconf 91' lang='lat' dir='ltr'><strong>si</strong></span> <span class='ocrx_word' id='word_1_235' title='bbox 1369 3202 1505 3276; x_wconf 90' lang='lat' dir='ltr'><strong>domino</strong></span> <span class='ocrx_word' id='word_1_236' title='bbox 1546 3207 1711 3298; x_wconf 89' lang='lat' dir='ltr'><strong>episcopo</strong></span> 
     </span>
     <span class='ocr_line' id='line_1_28' title="bbox 331 3297 1712 3400; baseline 0 -26"><span class='ocrx_word' id='word_1_237' title='bbox 331 3301 521 3400; x_wconf 81' lang='lat' dir='ltr'><strong>placuerit,</strong></span> <span class='ocrx_word' id='word_1_238' title='bbox 562 3304 597 3374; x_wconf 92' lang='lat' dir='ltr'><strong>in</strong></span> <span class='ocrx_word' id='word_1_239' title='bbox 631 3301 753 3376; x_wconf 88' lang='lat' dir='ltr'><strong>eodem</strong></span> <span class='ocrx_word' id='word_1_240' title='bbox 780 3313 814 3373; x_wconf 88' lang='lat' dir='ltr'><strong>et</strong></span> <span class='ocrx_word' id='word_1_241' title='bbox 839 3305 1000 3398; x_wconf 88' lang='lat' dir='ltr'><strong>precipue</strong></span> <span class='ocrx_word' id='word_1_242' title='bbox 1025 3301 1062 3374; x_wconf 88' lang='lat' dir='ltr'><strong>L.</strong></span> <span class='ocrx_word' id='word_1_243' title='bbox 1089 3302 1131 3374; x_wconf 91' lang='lat' dir='ltr'><strong>de</strong></span> <span class='ocrx_word' id='word_1_244' title='bbox 1156 3302 1397 3378; x_wconf 80' lang='lat' dir='ltr'><strong>Steteberc</strong></span> <span class='ocrx_word' id='word_1_245' title='bbox 1423 3315 1457 3375; x_wconf 89' lang='lat' dir='ltr'><strong>et</strong></span> <span class='ocrx_word' id='word_1_246' title='bbox 1489 3303 1531 3376; x_wconf 86' lang='lat' dir='ltr'><strong>ll.</strong></span> <span class='ocrx_word' id='word_1_247' title='bbox 1556 3297 1712 3390; x_wconf 77' lang='lat' dir='ltr'><strong>mitet,</strong></span> 
     </span>
     <span class='ocr_line' id='line_1_29' title="bbox 333 3399 1743 3499; baseline 0 -26"><span class='ocrx_word' id='word_1_248' title='bbox 333 3401 452 3496; x_wconf 87' lang='lat' dir='ltr'><strong>quibus</strong></span> <span class='ocrx_word' id='word_1_249' title='bbox 479 3399 609 3475; x_wconf 88' lang='lat' dir='ltr'><strong>duobus</strong></span> <span class='ocrx_word' id='word_1_250' title='bbox 637 3412 835 3499; x_wconf 86' lang='lat' dir='ltr'><strong>competens</strong></span> <span class='ocrx_word' id='word_1_251' title='bbox 877 3414 911 3476; x_wconf 90' lang='lat' dir='ltr'><strong>et</strong></span> <span class='ocrx_word' id='word_1_252' title='bbox 945 3403 1123 3476; x_wconf 89' lang='lat' dir='ltr'><strong>honestum</strong></span> <span class='ocrx_word' id='word_1_253' title='bbox 1151 3413 1329 3478; x_wconf 85' lang='lat' dir='ltr'><strong>castrense</strong></span> <span class='ocrx_word' id='word_1_254' title='bbox 1363 3403 1501 3476; x_wconf 81' lang='lat' dir='ltr'><strong>feodum</strong></span> <span class='ocrx_word' id='word_1_255' title='bbox 1536 3401 1640 3474; x_wconf 88' lang='lat' dir='ltr'><strong>debet</strong></span> <span class='ocrx_word' id='word_1_256' title='bbox 1672 3401 1743 3473; x_wconf 86' lang='lat' dir='ltr'><strong>ab·</strong></span> 
     </span>
     <span class='ocr_line' id='line_1_30' title="bbox 333 3499 1711 3596; baseline -0.001 -22"><span class='ocrx_word' id='word_1_257' title='bbox 333 3505 499 3596; x_wconf 90' lang='lat' dir='ltr'><strong>episcopo</strong></span> <span class='ocrx_word' id='word_1_258' title='bbox 526 3505 705 3594; x_wconf 87' lang='lat' dir='ltr'><strong>assignari.</strong></span> <span class='ocrx_word' id='word_1_259' title='bbox 760 3499 798 3574; x_wconf 84' lang='lat' dir='ltr'><strong>Si</strong></span> <span class='ocrx_word' id='word_1_260' title='bbox 825 3511 935 3574; x_wconf 87' lang='lat' dir='ltr'><strong>antem</strong></span> <span class='ocrx_word' id='word_1_261' title='bbox 964 3501 1157 3596; x_wconf 87' lang='lat' dir='ltr'><strong>sepedictus</strong></span> <span class='ocrx_word' id='word_1_262' title='bbox 1182 3501 1494 3576; x_wconf 86' lang='lat' dir='ltr'><strong>Wernhardus</strong></span> <span class='ocrx_word' id='word_1_263' title='bbox 1525 3502 1568 3574; x_wconf 90' lang='lat' dir='ltr'><strong>ad</strong></span> <span class='ocrx_word' id='word_1_264' title='bbox 1601 3523 1711 3574; x_wconf 87' lang='lat' dir='ltr'><strong>annos</strong></span> 
     </span>
     <span class='ocr_line' id='line_1_31' title="bbox 333 3601 1712 3696; baseline 0.001 -24"><span class='ocrx_word' id='word_1_265' title='bbox 333 3601 548 3674; x_wconf 84' lang='lat' dir='ltr'><strong>discretionis</strong></span> <span class='ocrx_word' id='word_1_266' title='bbox 576 3605 812 3696; x_wconf 87' lang='lat' dir='ltr'><strong>peruenerint,</strong></span> <span class='ocrx_word' id='word_1_267' title='bbox 848 3611 996 3673; x_wconf 88' lang='lat' dir='ltr'><strong>castrum</strong></span> <span class='ocrx_word' id='word_1_268' title='bbox 1022 3601 1231 3695; x_wconf 87' lang='lat' dir='ltr'><strong>sepedictum</strong></span> <span class='ocrx_word' id='word_1_269' title='bbox 1273 3613 1307 3675; x_wconf 91' lang='lat' dir='ltr'><strong>et</strong></span> <span class='ocrx_word' id='word_1_270' title='bbox 1345 3604 1435 3676; x_wconf 84' lang='lat' dir='ltr'><strong>bonu</strong></span> <span class='ocrx_word' id='word_1_271' title='bbox 1472 3603 1539 3673; x_wconf 86' lang='lat' dir='ltr'><strong>clia</strong></span> <span class='ocrx_word' id='word_1_272' title='bbox 1574 3605 1712 3674; x_wconf 87' lang='lat' dir='ltr'><strong>nornine</strong></span> 
     </span>
     <span class='ocr_line' id='line_1_32' title="bbox 332 3700 1714 3798; baseline 0.001 -26"><span class='ocrx_word' id='word_1_273' title='bbox 332 3701 425 3773; x_wconf 88' lang='lat' dir='ltr'><strong>leodi</strong></span> <span class='ocrx_word' id='word_1_274' title='bbox 452 3700 650 3798; x_wconf 91' lang='lat' dir='ltr'><strong>possidebit,</strong></span> <span class='ocrx_word' id='word_1_275' title='bbox 677 3705 723 3772; x_wconf 86' lang='lat' dir='ltr'><strong>ita</strong></span> <span class='ocrx_word' id='word_1_276' title='bbox 747 3701 836 3796; x_wconf 91' lang='lat' dir='ltr'><strong>qnod</strong></span> <span class='ocrx_word' id='word_1_277' title='bbox 863 3700 904 3771; x_wconf 89' lang='lat' dir='ltr'><strong>ab</strong></span> <span class='ocrx_word' id='word_1_278' title='bbox 942 3723 986 3772; x_wconf 88' lang='lat' dir='ltr'><strong>eo</strong></span> <span class='ocrx_word' id='word_1_279' title='bbox 1018 3701 1146 3772; x_wconf 87' lang='lat' dir='ltr'><strong>nullum</strong></span> <span class='ocrx_word' id='word_1_280' title='bbox 1173 3703 1445 3797; x_wconf 87' lang='lat' dir='ltr'><strong>impedimentum</strong></span> <span class='ocrx_word' id='word_1_281' title='bbox 1477 3706 1642 3798; x_wconf 87' lang='lat' dir='ltr'><strong>episcopo</strong></span> <span class='ocrx_word' id='word_1_282' title='bbox 1679 3713 1714 3773; x_wconf 88' lang='lat' dir='ltr'><strong>et</strong></span> 
     </span>
     <span class='ocr_line' id='line_1_33' title="bbox 333 3799 1712 3898; baseline 0.001 -26"><span class='ocrx_word' id='word_1_283' title='bbox 333 3801 484 3874; x_wconf 88' lang='lat' dir='ltr'><strong>ecclesie</strong></span> <span class='ocrx_word' id='word_1_284' title='bbox 509 3799 742 3896; x_wconf 90' lang='lat' dir='ltr'><strong>herbipolensi</strong></span> <span class='ocrx_word' id='word_1_285' title='bbox 768 3799 810 3872; x_wconf 94' lang='lat' dir='ltr'><strong>de</strong></span> <span class='ocrx_word' id='word_1_286' title='bbox 837 3800 934 3872; x_wconf 87' lang='lat' dir='ltr'><strong>dictis</strong></span> <span class='ocrx_word' id='word_1_287' title='bbox 961 3800 1073 3872; x_wconf 86' lang='lat' dir='ltr'><strong>leodis</strong></span> <span class='ocrx_word' id='word_1_288' title='bbox 1100 3813 1295 3896; x_wconf 90' lang='lat' dir='ltr'><strong>generetur.</strong></span> <span class='ocrx_word' id='word_1_289' title='bbox 1348 3801 1459 3898; x_wconf 82' lang='lat' dir='ltr'><strong>Super</strong></span> <span class='ocrx_word' id='word_1_290' title='bbox 1476 3801 1528 3874; x_wconf 92' lang='lat' dir='ltr'><strong>his</strong></span> <span class='ocrx_word' id='word_1_291' title='bbox 1555 3799 1712 3874; x_wconf 89' lang='lat' dir='ltr'><strong>omnibus</strong></span> 
     </span>
     <span class='ocr_line' id='line_1_34' title="bbox 270 3899 1712 3997; baseline 0.001 -25"><span class='ocrx_word' id='word_1_292' title='bbox 270 3976 276 3987; x_wconf 24' lang='grc' dir='ltr'>ι</span> <span class='ocrx_word' id='word_1_293' title='bbox 333 3899 473 3972; x_wconf 84' lang='lat' dir='ltr'><strong>firmiter</strong></span> <span class='ocrx_word' id='word_1_294' title='bbox 498 3901 653 3973; x_wconf 90' lang='lat' dir='ltr'><strong>tenendis</strong></span> <span class='ocrx_word' id='word_1_295' title='bbox 680 3899 834 3974; x_wconf 89' lang='lat' dir='ltr'><strong>dominus</strong></span> <span class='ocrx_word' id='word_1_296' title='bbox 853 3904 1036 3997; x_wconf 91' lang='lat' dir='ltr'><strong>episcopus</strong></span> <span class='ocrx_word' id='word_1_297' title='bbox 1052 3899 1274 3975; x_wconf 88' lang='lat' dir='ltr'><strong>fideiussores</strong></span> <span class='ocrx_word' id='word_1_298' title='bbox 1286 3925 1349 3997; x_wconf 91' lang='lat' dir='ltr'><strong>pro</strong></span> <span class='ocrx_word' id='word_1_299' title='bbox 1375 3926 1415 3975; x_wconf 90' lang='lat' dir='ltr'><strong>se</strong></span> <span class='ocrx_word' id='word_1_300' title='bbox 1432 3913 1467 3975; x_wconf 88' lang='lat' dir='ltr'><strong>et</strong></span> <span class='ocrx_word' id='word_1_301' title='bbox 1481 3901 1632 3974; x_wconf 85' lang='lat' dir='ltr'><strong>ecclesia</strong></span> <span class='ocrx_word' id='word_1_302' title='bbox 1650 3923 1712 3973; x_wconf 87' lang='lat' dir='ltr'><strong>sna</strong></span> 
     </span>
     <span class='ocr_line' id='line_1_35' title="bbox 334 3996 1713 4097; baseline 0.001 -26"><span class='ocrx_word' id='word_1_303' title='bbox 334 3999 437 4089; x_wconf 89' lang='lat' dir='ltr'><strong>dedit,</strong></span> <span class='ocrx_word' id='word_1_304' title='bbox 453 3999 631 4072; x_wconf 87' lang='lat' dir='ltr'><strong>uidelicet:</strong></span> <span class='ocrx_word' id='word_1_305' title='bbox 660 3996 1713 4097; x_wconf 84' lang='lat' dir='ltr'><strong>Thegenbardumprepositnminlldge,Albertum</strong></span> 
     </span>
    </p>
   </div>
   <div class='ocr_carea' id='block_1_3' title="bbox 198 4099 1709 4188">
    <p class='ocr_par' dir='ltr' id='par_1_3' title="bbox 198 4099 1709 4188">
     <span class='ocr_line' id='line_1_36' title="bbox 198 4099 1709 4188; baseline 0.002 -19"><span class='ocrx_word' id='word_1_306' title='bbox 198 4164 202 4178; x_wconf 73' lang='grc'><strong>,</strong></span> <span class='ocrx_word' id='word_1_307' title='bbox 335 4099 547 4170; x_wconf 88' lang='lat' dir='ltr'><strong>cellerarium</strong></span> <span class='ocrx_word' id='word_1_308' title='bbox 575 4102 713 4171; x_wconf 87' lang='lat' dir='ltr'><strong>maioris</strong></span> <span class='ocrx_word' id='word_1_309' title='bbox 740 4100 911 4174; x_wconf 79' lang='lat' dir='ltr'><strong>ecclesie.</strong></span> <span class='ocrx_word' id='word_1_310' title='bbox 950 4101 1212 4177; x_wconf 85' lang='lat' dir='ltr'><strong>Heinric&#39;unr</strong></span> <span class='ocrx_word' id='word_1_311' title='bbox 1246 4102 1288 4174; x_wconf 89' lang='lat' dir='ltr'><strong>de</strong></span> <span class='ocrx_word' id='word_1_312' title='bbox 1322 4101 1709 4188; x_wconf 83' lang='lat' dir='ltr'><strong>Brocoldislreinr,</strong></span> 
     </span>
    </p>
   </div>
   <div class='ocr_carea' id='block_1_4' title="bbox 0 0 1893 4728">
    <p class='ocr_par' dir='ltr' id='par_1_4' title="bbox 0 0 1893 4728">
     <span class='ocr_line' id='line_1_37' title="bbox 0 0 1893 4728; baseline 0 0"><span class='ocrx_word' id='word_1_313' title='bbox 0 0 1893 4728; x_wconf 95' lang='lat' dir='ltr'><strong> </strong></span> 
     </span>
    </p>
   </div>
  </div>
 </body>
</html>
