3774 4728
615 465 831 574 episcopatus
858 469 1150 570 wirziburgensis.

797 815 966 890 CGGLlV.

683 1018 771 1080 Auno
797 1013 900 1100 1262„
922 1013 973 1084 28.
996 1013 1083 1080 Junii.
1201 1096 1206 1106 Ι

192 1191 379 1292 Capitulum
408 1205 547 1276 maioris
574 1203 747 1277 ecclesias
774 1201 1025 1300 herbipolensis
1064 1197 1242 1274 confirmat
1266 1201 1574 1292 commutationem,

191 1317 290 1388 quam
333 1299 499 1376 officiales
536 1308 591 1376 sui
628 1303 841 1378 Woiframus
876 1303 1041 1377 scultetus
1079 1301 1121 1374 de
1149 1299 1324 1394 'lfbelbeim
1352 1307 1386 1370 et
1411 1298 1576 1374 Albertus
1680 1358 1684 1368 ,

192 1395 406 1494 Hegeibanm
424 1403 465 1476 de
478 1403 672 1477 Westheim
690 1427 765 1476 cum
782 1403 940 1478 fratribus
956 1403 1076 1476 dumus
1093 1401 1272 1498 bospitalis
1289 1403 1397 1474 sancti
1411 1399 1575 1476 lobannis

387 1505 422 1576 iu
446 1500 613 1578 Bibelriet
637 1508 771 1579 ratione
797 1527 957 1598 agrorum
983 1501 1192 1600 quorundam
1218 1500 1382 1573 fecerant.

292 1671 445 1770 Boppo
470 1677 679 1772 prepositus,
704 1672 974 1748 Bartholdus
1001 1671 1150 1747 decanus
1188 1671 1577 1768 totumqueacapitulum

193 1773 333 1847 maioris
361 1775 513 1848 ecclesie
538 1774 802 1872 herbipolensis
833 1771 977 1847 ·Notum
1005 1773 1270 1848 essevolumus
1297 1771 1452 1844 omuibus
1489 1772 1578 1846 bano

194 1869 344 1944 litteram
370 1874 575 1949 intuentibus
602 1875 818 1970 presentibus
846 1874 1038 1963 etfuturis,
1065 1873 1173 1970 quot,
1199 1895 1274 1945 oum
1300 1871 1576 1946 Wolframus

194 1971 360 2046 scultetus
388 1974 654 2048 deTelbeim
681 1985 716 2048 et
740 1973 960 2047 Albertus
986 1972 1576 2068 HegelbaumdaWestheim

190 2077 302 2144 nostri
331 2073 497 2149 officiales
525 2075 745 2174 quoboginta
772 2075 856 2148 duos
884 2097 989 2168 agros
1017 2075 1060 2146 de
1086 2073 1200 2146 officio
1227 2075 1407 2148 nostruin
1424 2073 1577 2146 West-

191 2170 307 2245 beirn
335 2185 370 2246 et
397 2185 475 2248 octo
503 2199 608 2270 agros
637 2177 679 2248 de
706 2173 819 2248 officio
846 2185 967 2248 nostro
993 2179 1026 2247 in
1054 2175 1083 2246 T
1093 2173 1255 2246 elbeim
1289 2195 1352 2269 pro
1388 2195 1451 2260 eo,
1486 2172 1576 2268 quod

191 2275 275 2368 ipsis
303 2272 478 2348 laboriose
506 2287 540 2348 et
565 2275 664 2350 nobis
691 2280 800 2346 minus
827 2275 1002 2348 fructuose
1027 2275 1184 2346 iacebant
1208 2273 1341 2347 diuisim
1368 2273 1575 2346 etdiminute

191 2377 225 2446 in
252 2374 339 2448 locis
367 2375 528 2466 diuersis,
553 2375 711 2448 fratribus
739 2375 1013 2450 inBibelriet
1038 2384 1294 2448 conmutassent
1310 2395 1371 2468 pro
1392 2373 1469 2448 aliis
1484 2397 1574 2468 qua-

191 2472 346 2568 draginta
373 2473 503 2548 duobus
530 2479 624 2570 agris
652 2478 725 2548 sitis
759 2479 793 2548 in
819 2475 920 2566 loco,
960 2478 1016 2570 qui
1049 2473 1168 2546 dicitur
1193 2471 1403 2561 Bodeme‚
1443 2483 1479 2544 ot
1509 2496 1573 2570 pro

191 2585 273 2648 octo
303 2574 843 2672 agristnwotuesgrunte‚
869 2576 1134 2670 sitispariteriu
1155 2571 1575 2664 Bibelriatcrfinro,

188 2697 255 2750 nos
297 2675 339 2748 ad
378 2678 584 2774 peticionem
621 2686 687 2748 tarn
712 2675 852 2746 fratrum
892 2679 924 2747 in
962 2671 1204 2762 Bibelriet,
1225 2695 1339 2770 ,quern
1380 2670 1574 2744 officialium

188 2785 385 2850 nostrorum
423 2775 656 2850 concambium
694 2774 884 2850 huiusmodi
910 2775 1034 2848 factum
1070 2786 1105 2848 et
1142 2771 1291 2846 habitum
1327 2771 1574 2846 rationabiliter

188 2878 278 2950 iuter
304 2879 397 2972 ipsos
424 2875 640 2966 admittimus,
667 2875 891 2972 approbamus
920 2886 954 2947 et
980 2897 1154 2950 consensu
1178 2883 1299 2949 nostro
1326 2875 1476 2946 unanimi
1485 2895 1572 2970 pre-

65 3017 69 3030 ·
189 2974 343 3050 sentibus
369 2977 491 3050 litteris
520 2975 770 3053 confirmamus.
822 2971 966 3072 Insuper
990 2973 1262 3072 proquibusdam
1284 2977 1572 3068 sexagintaagris

189 3075 323 3150 diuisim
349 3087 386 3150 et
411 3076 569 3172 dispersa
595 3075 797 3166 iacentibus
823 3099 908 3172 quos
935 3079 1002 3150 iam
1029 3075 1107 3146 dicti
1132 3073 1256 3148 iratres
1289 3077 1324 3149 in
1348 3073 1574 3146 Bibelriet

191 3175 354 3250 tenebant
395 3176 436 3248 ab
471 3175 632 3252 ecclesiis
672 3177 843 3270 treuge,
883 3177 1131 3270 Kiuuingen
1167 3186 1200 3248 et
1240 3174 1351 3268 Afra
1389 3173 1572 3248 oblationis

174 3281 329 3374 'nomine
354 3275 467 3352 nullas
494 3273 573 3350 inde
600 3278 749 3350 decimas
778 3275 921 3367 dantes,
961 3279 1036 3372 quia
1071 3274 1236 3370 sepedicti
1271 3273 1436 3348 officiales
1462 3277 1573 3346 nostri

190 3401 255 3474 pro
282 3389 401 3452 nostra
426 3375 571 3451 utilitate
604 3388 639 3450 et
665 3375 833 3450 conmodo
875 3377 1030 3474 ampliori
1068 3373 1234 3448 dederunt
1268 3378 1303 3447 in
1339 3371 1573 3453 concambium

191 3477 254 3552 sub
280 3481 354 3552 iure
379 3481 495 3574 priore
522 3477 609 3551 alios
638 3481 820 3572 sexaginta
847 3501 975 3574 agros,
1002 3497 1144 3572 quorum
1173 3476 1292 3568 viginti
1318 3495 1442 3548 narsus
1468 3473 1572 3546 Kin-

189 3582 371 3674 zingem
398 3579 521 3672 viginti
545 3601 668 3654 uersus
695 3601 815 3650 nemus
844 3589 878 3652 et
903 3580 1025 3671 viginti
1050 3597 1174 3650 uersus
1199 3573 1471 3668 Wirzeburg
1497 3577 1573 3670 agri

190 3681 311 3752 iacent.
366 3677 464 3767 Quod
489 3682 602 3774 utique
629 3677 860 3750 concambium
887 3677 989 3752 nobis
1015 3676 1128 3772 placet
1154 3686 1188 3747 et
1212 3679 1414 3748 unanimiter
1440 3673 1571 3748 confir·

189 3803 330 3854 mamus.
384 3779 430 3852 Vt
455 3781 558 3872 igitur
594 3777 659 3850 hec
686 3781 798 3850 omnia
833 3789 900 3850 tarn
936 3800 998 3876 per
1029 3799 1094 3848 nos
1122 3798 1218 3871 quam
1244 3799 1306 3872 per
1330 3775 1455 3847 iratres
1483 3773 1572 3848 dicte

190 3880 309 3956 domus
336 3883 370 3952 in
395 3877 749 3962 Bibelrietrobur
774 3888 938 3974 perpetue
962 3877 1135 3950 obtineant
1160 3873 1338 3965 firmitatis,
1365 3878 1490 3970 scripta
1517 3885 1572 3948 est

190 3983 225 4053 in
249 3982 479 4056 testimonium
505 4000 650 4074 presens
676 3979 789 4050 littera
828 3989 863 4052 et
898 3979 1022 4073 sigillis
1059 3979 1169 4054 nostri
1211 3977 1360 4072 capituli,
1383 3998 1424 4047 ac
1450 3971 1569 4050 domus

189 4079 368 4182 hospitalis
393 4081 501 4159 saneti
529 4075 692 4159 iohannis
717 4081 754 4156 iu
777 4077 987 4178 Wirzeburg
1021 4075 1216 4180 diligentius
1251 4075 1431 4174 roborata,
1471 4097 1569 4176 quan
1655 4073 1660 4082 “
