3794 4722
329 465 378 538 76
910 459 1129 536 blonnmcnta

332 663 464 736 cuidam
489 659 694 735 Heroldo
721 670 838 752 sancte
863 658 1158 753 wirceburgensis
1194 657 1342 749 ecclesie
1377 660 1499 730 maiori
1524 661 1715 754 preposito,

331 786 394 860 pro
423 762 461 833 C.
488 765 615 836 marcis
642 763 776 854 argenti
801 757 1013 832 uendidimus
1040 769 1075 830 et
1098 779 1160 854 por
1184 779 1304 831 manns
1331 756 1485 829 Gerlai
1511 761 1645 832 comitis
1671 759 1715 832 da

331 861 566 935 Veldanne
594 870 628 932 et
653 858 845 933 Arnoldi
871 858 914 930 de
938 857 1203 951 Hagenowe
1228 857 1484 929 racionabiliter
1518 857 1713 931 tradidimus

208 965 216 982 '
332 971 367 1034 ot
393 959 629 1054 delegauimus
655 969 690 1029 et
714 957 767 1032 his
795 956 833 1029 G.
860 960 984 1029 marcis
1012 980 1087 1028 cum
1112 957 1245 1052 reliqua
1270 960 1414 1052 pecunia
1427 967 1715 1053 prememoratum

332 1071 481 1134 castrum
509 1079 584 1130 cum
611 1057 739 1154 prediis
766 1066 801 1129 et
826 1055 1104 1130 ministerialibus
1128 1060 1409 1152 comparauimus.
1461 1055 1715 1134 Habundantios

332 1179 466 1256 quoquc
494 1157 605 1230 eidem
630 1160 808 1253 preposito
835 1177 942 1252 opere
967 1155 1256 1251 pietatisadesse
1281 1156 1440 1229 uolentes
1475 1155 1518 1228 ab
1545 1155 1713 1229 Ottone

331 1257 530 1331 marchione
564 1259 804 1330 misinensi
837 1257 1114 1351 impetrauimus.
1149 1255 1239 1352 quod
1271 1255 1504 1348 aduocatum,
1543 1278 1641 1350 quam
1679 1259 1715 1328 in

331 1357 451 1456 predio
479 1355 541 1428 illo
567 1353 692 1445 habuit,
719 1353 819 1427 nobis
846 1358 1037 1450 resignauit
1074 1365 1108 1427 et
1146 1359 1192 1426 ita
1228 1353 1337 1426 libere
1374 1377 1393 1426 a
1430 1359 1504 1426 iure
1538 1355 1714 1449 aduocatio

260 1513 272 1532 .
333 1479 412 1530 eum
438 1453 688 1551 expediamus,
714 1453 993 1549 quemadmodum
1020 1452 1061 1525 ab
1088 1455 1209 1526 eodem
1223 1451 1420 1526 marchione
1441 1454 1551 1526 libera
1578 1461 1654 1528 eam
1680 1459 1715 1528 in

331 1578 452 1629 manus
478 1565 617 1629 nostras
643 1558 849 1649 recepimus.
899 1555 943 1626 ln
958 1556 1290 1648 recompensatione
1327 1565 1441 1626 autem
1473 1557 1716 1649 prememorati

332 1654 442 1752 predii
469 1653 512 1726 de
537 1652 820 1748 possessionibus
858 1656 986 1728 nostris
1020 1657 1054 1724 in
1078 1653 1389 1725 brittenheim
1425 1677 1445 1724 a
1479 1657 1554 1726 iure
1592 1665 1713 1742 nostro

334 1756 554 1849 emancipatis
581 1763 616 1826 st
640 1775 704 1847 per
728 1771 861 1824 manum
888 1752 1077 1826 Arnoldi
1104 1752 1146 1824 da
1163 1751 1420 1845 Hagenowe
1446 1753 1616 1846 delegatis
1630 1777 1713 1828 mo-

331 1856 485 1927 nastsrio
512 1853 818 1926 sanctimonialium
842 1861 969 1924 tantum
995 1853 1204 1926 restituimus
1237 1851 1327 1924 unde
1364 1852 1509 1945 singulis
1546 1858 1644 1927 annis
1671 1854 1714 1927 ad

332 1975 513 2027 commune
538 1949 741 2047 stipendium
766 1973 926 2024 soromm
950 1950 993 2021 V.
1019 1950 1105 2043 libre
1137 1951 1402 2024 exsoluerentur
1434 1973 1509 2026 cum
1535 1974 1582 2026 ex
1606 1956 1715 2050 priori

332 2052 453 2151 predio
480 2055 541 2124 uix
564 2051 664 2124 liltor-
696 2049 801 2122 libras
839 2052 960 2144 quouis
994 2073 1084 2122 anno
1122 2049 1248 2122 habere
1281 2055 1475 2145 potuissent
1508 2063 1542 2124 et
1574 2056 1715 2150 insuper

331 2162 473 2250 propter
496 2151 654 2224 locorum
679 2149 870 2224 distantiam
897 2159 932 2221 et
956 2149 1097 2222 alterius
1124 2152 1175 2222 ius
1202 2153 1367 2223 territorii
1386 2153 1496 2224 minus
1523 2162 1714 2226 oratoom-

326 2249 468 2328 modum
494 2260 528 2322 et
552 2248 774 2322 fructuosum.
824 2249 922 2322 Hanc
945 2249 1190 2339 uenditionem.
1215 2253 1512 2322 commutationem
1539 2262 1574 2324 at
1598 2253 1714 2328 dona-

332 2353 462 2424 tionem
486 2359 641 2423 nostram
666 2358 774 2420 ratam
801 2358 836 2420 et
861 2349 1097 2423 inconuulsam
1121 2351 1156 2420 in
1181 2359 1380 2445 perpetuum
1397 2372 1537 2424 manere
1552 2353 1714 2431 uolentes

331 2449 430 2522 huius
466 2448 638 2545 priuilegii
678 2451 789 2521 nostri
822 2451 1024 2520 auctoritate
1062 2452 1342 2522 communiuimus
1379 2460 1413 2521 et
1445 2449 1557 2523 banno
1590 2465 1714 2528 nostro

333 2547 618 2624 confirmauimus.
672 2546 710 2620 Si
736 2550 811 2641 quis
837 2550 941 2640 igitur
975 2545 1042 2618 hoc
1073 2546 1276 2620 rationabile
1301 2559 1419 2642 nostre
1446 2549 1714 2646 dispensationis

332 2647 459 2721 lactum
485 2669 625 2722 cassare
652 2657 709 2718 aut
734 2645 924 2739 intringere
950 2650 1219 2742 attemptauerit‚
1245 2651 1332 2722 sciat
1357 2667 1397 2724 so
1423 2648 1466 2722 de
1491 2651 1714 2730 anathematis

332 2747 471 2820 uinculo
499 2744 695 2818 innodatum
722 2755 757 2817 et
781 2747 849 2818 nisi
871 2748 1067 2841 resipuerit,
1093 2757 1212 2838 eterno
1240 2749 1406 2844 supplicio
1434 2748 1638 2845 deputatum.

432 2845 539 2918 Huius
566 2847 618 2916 roi
644 2853 753 2918 testes
773 2854 868 2918 sunt:
896 2845 1123 2918 Hartmannus
1149 2850 1258 2920 maior
1283 2852 1491 2944 prepositus,
1516 2850 1715 2930 Hertwicus

334 2945 445 3018 sancti
469 2943 562 3017 Petri
587 2946 807 3040 prepositus,
840 2943 1018 3020 Amoldus
1046 2955 1164 3019 custos
1191 2951 1331 3020 maioris
1358 2947 1518 3040 ecclesia,
1545 2949 1715 3028 Gerlaous

333 3045 443 3120 saneti
467 3042 620 3116 Victoris
648 3049 858 3139 prepositus,
885 3045 1047 3138 Sigelous
1073 3049 1269 3141 prepositus
1297 3057 1331 3118 et
1356 3046 1505 3120 decanus
1532 3049 1574 3122 dc
1597 3049 1715 3144 domo,

331 3144 498 3236 magister
523 3141 736 3234 willelmus,
761 3144 863 3238 Hugo
891 3155 1023 3234 cantor,
1047 3143 1265 3220 Hecnelrinus
1291 3145 1381 3218 beati
1399 3145 1553 3220 Maurioii
1578 3173 1715 3248 prepo-

333 3244 432 3334 situs,
457 3241 673 3316 Burchardus
699 3249 895 3339 prepositus
921 3243 963 3318 de
989 3243 1195 3339 legoburch
1223 3240 1398 3318 Gdnradus
1425 3251 1534 3320 sancti
1562 3250 1715 3345 Gingolli

331 3345 538 3438 prepositus.
565 3343 618 3416 Da
635 3344 840 3438 capellanis:
867 3341 1058 3438 Ridingus,
1072 3343 1257 3436 (ternotus,
1271 3345 1493 3437 Dragcbodo,
1518 3347 1714 3442 Hennes,

330 3441 528 3532 Bertoldus‚
553 3438 744 3522 Winterus.
796 3445 850 3516 De
872 3441 1066 3516 abbatibus:
1092 3442 1432 3518 Baldomarusabbas
1446 3451 1556 3520 sancti
1571 3449 1713 3542 Albani,

333 3540 529 3616 Goteiridus
556 3541 660 3616 abbas
688 3547 796 3618 sancti
820 3543 952 3616 Jacobi.
1004 3544 1058 3615 De
1083 3542 1290 3617 baronibus:
1328 3538 1503 3618 Gdnradus
1540 3559 1575 3620 ot
1607 3547 1715 3622 irater

332 3644 421 3733 aius,
447 3645 591 3716 comites
619 3642 662 3714 de
676 3641 886 3731 homberch,
913 3641 1079 3714 Gerlacus
1106 3665 1225 3716 comes
1251 3643 1294 3714 de
1313 3641 1505 3734 Veldonne,
1529 3647 1713 3723 Heinricus

332 3763 450 3818 comes
477 3741 909 3831 oaordess0‚Arn01tus
936 3739 978 3812 de
1003 3741 1220 3834 Hagenowo,
1239 3741 1472 3818 illarcwardus
1500 3745 1542 3820 de
1569 3748 1713 3842 borge-

331 3850 409 3916 stat.
460 3842 514 3913 De
540 3839 841 3916 ministerialibus:
866 3840 1295 3934 Helpricusnicadominus
1322 3843 1583 3920 otHermannus
1610 3847 1714 3920 scul-

329 3949 434 4029 tetus,
459 3939 642 4013 Embnicho
670 3939 824 4012 etirater
850 3939 1147 4032 aiusblcingotus‚
1173 3939 1471 4018 ArnoldusRuius
1487 3946 1713 4022 etArnoldus

330 4038 490 4132 Magnus,
516 4038 749 4130 Godeboldus,
773 4037 978 4112 Hartmudus
1003 4040 1194 4116 marscalci.
