3774 4728
325 458 399 544 ted
914 469 1132 546 Matrimonia

327 697 402 748 eum
427 673 618 746 adiectione
643 695 731 770 pene
758 673 899 748 inferius
927 683 1099 763 annotate,
1124 671 1213 745 bena
1240 668 1305 744 ilde
1332 673 1407 746 sine
1423 667 1541 742 fraude
1568 677 1603 742 et
1629 666 1708 741 delo

325 777 541 874 promisimus
570 773 769 848 obseruare.
821 773 1107 870 Formti'qaidem
1133 773 1210 847 talis
1237 781 1301 846 est.
1353 769 1425 844 Nos
1451 770 1510 843 Bo
1519 791 1601 867 ppo
1621 793 1708 866 pre·

324 877 457 972 positus
484 885 658 970 totumque
685 875 865 970 capitulum
892 875 1143 970 herbipolensis
1171 874 1335 963 ecclesie,
1361 894 1405 945 ne
1430 879 1571 968 propter
1589 870 1709 944 multi-

323 975 472 1048 tudinem
499 987 534 1049 et
560 975 763 1050 discerdiam
790 973 1398 1072 detumeapitdli·nostrilibertates
1426 975 1543 1044 etiura
1558 970 1710 1045 eeclesia

323 1087 445 1151 nostre
469 1087 614 1173 pereant
639 1086 674 1148 et
698 1076 842 1149 ulterius
868 1075 1106 1150 subtrahantur
1130 1074 1192 1149 se'd
1207 1077 1321 1172 petius
1337 1083 1492 1146 tueantur
1518 1081 1553 1145 et
1566 1071 1712 1144 uiriliter

327 1175 548 1251 (infamentur
574 1187 610 1250 et
631 1175 766 1250 facilins
805 1175 941 1250 ualeant
966 1179 1162 1272 recuperari
1184 1175 1385 1265 'subtr-acta,
1418 1177 1452 1246 in
1478 1171 1711 1246 uenerabilem

324 1287 456 1374 petrem
493 1288 649 1352 nostrum
687 1275 857 1355 deminum
895 1277 919 1349 1.
960 1275 1236 1373 herbipolensem
1277 1278 1500 1372 episcopum,
1540 1273 1711 1347 deminum

324 1376 571 1452 Arnoldurn
597 1377 774 1468 decanum,
801 1377 838 1449 0.
869 1377 911 1450 de
937 1375 1191 1450 botreberh
1218 1374 1511 1464 archidiaconum,
1540 1374 1711 1446 deminum

324 1476 363 1550 Β.
391 1477 611 1550 scolasticum
639 1489 673 1550 et
706 1477 876 1552 deminum
904 1477 942 1552 (l.
982 1477 1198 1550 cellerarium
1233 1477 1384 1550 ecclesie
1418 1485 1537 1550 nostre
1572 1473 1711 1550 solliei-

326 1577 476 1650 tudinem
503 1578 743 1668 eminandum,
766 1579 877 1652 bonus
906 1591 939 1652 et
965 1577 1132 1652 honorem
1147 1577 1384 1651 transierimus
1412 1585 1446 1649 et
1471 1576 1606 1674 plenam
1628 1577 1711 1671 ipsis

326 1676 545 1752 concedimus
571 1689 775 1776 potestatem
803 1679 989 1771 tractandi,
1016 1677 1238 1770 consulendi,
1264 1675 1495 1769 deliberandi,
1523 1675 1712 1766 ordinandi,

326 1779 494 1852 statuendi
521 1789 555 1852 et
582 1781 693 1851 omnia
719 1779 863 1852 faciendi
877 1803 1018 1878 perque
1035 1783 1119 1868 iura,
1146 1777 1321 1852 libertates
1338 1777 1538 1855 ethonores
1561 1775 1712 1849 ecclesie

325 1884 446 1951 nostre
472 1879 608 1952 ualeant
633 1883 832 1968 restaurari,
858 1885 1095 1976 premittentes
1131 1877 1333 1952 subdebile
1360 1879 1493 1976 prestiti
1520 1879 1711 1967 iuramenti,

325 1989 362 2050 ut
387 1979 543 2074 quiequid
568 1977 711 2076 predicti
737 1991 881 2076 quatuor
907 2004 982 2054 erum
1011 1981 1147 2053 domino
1173 1989 1292 2054 nostro
1320 1983 1484 2076 episcope
1501 1999 1604 2074 super
1624 1999 1711 2074 pre-

327 2076 426 2152 dictis
453 2077 729 2170 deliberauorint
754 2079 986 2156 ordinauerint
1012 2091 1046 2154 et
1070 2081 1287 2154 decreuerint
1327 2083 1402 2152 sine
1439 2075 1710 2152 contradictione

331 2178 481 2274 qualibet
504 2189 612 2252 ratum
639 2189 674 2252 et
699 2191 833 2276 gratum
859 2181 1080 2272 habebimus,
1119 2191 1153 2254 et
1194 2185 1244 2255 eis
1287 2191 1359 2252 teto
1395 2201 1502 2278 posse
1536 2187 1571 2250 et
1603 2179 1710 2250 nosse

326 2278 510 2364 astabimus
546 2290 581 2352 et
620 2285 732 2354 omnia
772 2281 925 2375 diligenti
961 2281 1071 2378 studio
1111 2291 1145 2353 et
1170 2279 1400 2354 sollieitudine
1427 2277 1618 2353 curabimus
1645 2277 1712 2349 ed-

327 2379 482 2476 implere,
510 2401 575 2476 que
601 2380 710 2454 dietus
737 2381 893 2456 dominus
914 2439 947 2454 ..
976 2385 1158 2479 episcopus
1187 2403 1262 2453 curn
1286 2381 1428 2477 prelatis
1454 2389 1598 2478 quatuor
1612 2379 1711 2452 nobis

325 2485 543 2578 preceperint
567 2479 733 2554 iacienda.
785 2482 934 2555 Prodicti
970 2505 1055 2554 uero
1091 2491 1236 2577 quatuor
1273 2483 1504 2577 promiserunt
1541 2489 1576 2552 et
1615 2483 1712 2550 iure-

325 2586 448 2654 nerunt
475 2581 576 2654 modo
609 2583 764 2679 predicte
798 2581 840 2654 ad
876 2605 917 2654 ea
944 2580 1090 2654 lideliter
1132 2591 1166 2653 et
1192 2579 1454 2675 diligentissime
1492 2579 1653 2653 laborare
1679 2589 1713 2651 et

326 2701 401 2752 enm
427 2681 581 2778 predicto
608 2681 746 2755 domino
773 2693 894 2756 nostro
917 2739 949 2754 ..
990 2685 1154 2779 episeopo
1188 2681 1400 2776 frequentem
1435 2681 1645 2776 diligentiam
1679 2689 1713 2753 ot

326 2781 589 2856 sollicitudinem
619 2781 780 2856 adhibere
807 2793 841 2855 et
867 2787 979 2856 omnia
1008 2781 1195 2855 obseruare
1221 2793 1256 2853 et
1282 2777 1490 2878 adimplere,
1521 2803 1586 2878 que
1612 2779 1711 2854 nobis

325 2885 544 2978 preceperint
570 2881 784 2956 obseruanda
821 2883 877 2956 uel
905 2881 1127 2980 adimplenda.
1181 2881 1325 2955 Adleeta
1359 2882 1525 2977 siquidem
1550 2881 1713 2976 religioni

326 2984 408 3055 iuris
435 2981 566 3056 iurandi
590 2984 654 3056 hee
679 2981 742 3056 icit
766 3005 854 3080 pena
890 2983 1128 3056 decommum
1163 3003 1336 3056 consensu
1361 2983 1522 3074 fratrum,
1560 2992 1596 3053 ut
1632 2983 1713 3078 qui·
1749 3067 1756 3080 ὓ

326 3095 459 3178 cunque
486 3088 727 3158 canonicorum
754 3083 852 3156 buius
878 3085 989 3157 iorme
1024 3093 1057 3156 et
1084 3081 1306 3156 ordinationis
1333 3093 1475 3183 propter
1499 3104 1712 3155 communem

325 3181 501 3257 utilitatem
530 3183 682 3258 ecclesie
709 3194 743 3260 ct
769 3189 1012 3258 canonicorum
1039 3207 1104 3257 nec
1130 3205 1198 3257 non
1215 3181 1469 3257 tetiuscleriet
1486 3181 1713 3258 eeclesiarum

325 3281 614 3380 herbipolensium
652 3283 834 3359 adiuuante
869 3283 973 3358 luerit
1011 3297 1253 3379 transgressor
1291 3287 1449 3358 inuentus
1486 3295 1520 3356 et
1558 3293 1713 3358 nestrum
1767 3291 1776 3312 ·

326 3381 543 3456 dhminum..
572 3387 768 3482 episcopum
796 3396 830 3458 ct
857 3386 1038 3482 capitulum
1066 3386 1280 3473 deseruerit³
1317 3407 1387 3457 non
1426 3383 1539 3458 solum
1573 3387 1712 3484 periurii

327 3493 443 3558 reatus
471 3487 631 3575 incurrat,
659 3495 712 3558 set
738 3488 814 3581 ipso
842 3485 932 3559 lacto
960 3489 1190 3575 consortiumq
1216 3483 1381 3557 beneficia
1409 3497 1443 3557 et
1469 3483 1652 3580 dignitates
1679 3487 1713 3556 in

327 3583 477 3659 eeclesia
516 3596 656 3677 nostra,
689 3587 845 3676 ciuitate,
880 3589 938 3659 uel
974 3585 1105 3658 diecesi
1137 3583 1395 3681 herbipolensi‚
1434 3607 1499 3682 que
1538 3587 1596 3658 uel
1628 3607 1711 3682 quas

328 3687 479 3780 epithal,
507 3689 655 3775 amittat„
682 3689 834 3782 ipsisque
859 3685 1034 3760 beneficiis
1070 3695 1103 3758 et
1129 3683 1347 3782 dignitatibus
1374 3691 1450 3759 sine
1478 3709 1540 3784 spe
1566 3691 1712 3760 restitu-

325 3789 429 3858 tionis
455 3795 626 3884 perpctuo·
650 3787 693 3860 sit
719 3791 882 3882 priuatus,
908 3809 974 3860 nec
1000 3791 1132 3878 miruun
1159 3791 1189 3860 si
1206 3797 1324 3859 centra
1343 3785 1711 3862 desertoreseeclesie

326 3889 448 3959 matris·
471 3907 539 3958 sne
561 3897 599 3958 et
620 3889 704 3958 iuris
730 3895 765 3958 et
789 3885 957 3960 libertatis
984 3889 1090 3984 ipsius
1117 3907 1239 3984 penam
1265 3885 1457 3962 huiusmodi
1490 3911 1561 3986 pro·
1578 3911 1711 3962 raeces-

327 3987 431 4059 sitate
453 3985 612 4059 eeclesia·
630 3995 751 4060 nostre
775 3987 990 4082 etqualitate
1017 3992 1180 4085 temporis
1207 3997 1405 4080 statuamus,
1433 4011 1508 4062 eum
1535 3993 1602 4086 ipsi
1618 4013 1711 4086 gen-

326 4081 414 4162 tties·
433 4085 639 4163 desertores
659 4085 776 4161 militie
803 4107 866 4163 sne
892 4087 1059 4164 secularis
1086 4108 1155 4164 nen
1182 4087 1294 4164 solun
1321 4087 1517 4188 stipendiis,
1544 4101 1598 4168 set
1625 4091 1709 4166 elias
