3838 4728
334 445 406 550 §22
916 445 1166 550 Munus
1259 539 1264 546 ,

334 649 539 743 portionem.
593 640 647 716 Ad
673 653 868 739 perpetuent
895 647 1008 740 itaque
1036 647 1183 718 omniurn
1205 647 1514 741 suprascriptorum
1528 642 1719 718 firmitatem

335 758 372 818 ct
397 744 608 818 euidenoianr
636 765 781 840 presens
809 750 1066 832 instrumentum
1094 745 1272 841 sepedicto
1298 749 1508 817 monasterio
1523 745 1719 818 tradidimus

336 845 460 940 sigillis
487 857 606 918 nostro
634 843 796 917 videlicet
822 857 856 916 et
883 846 1019 942 capituli
1054 849 1164 919 nostri
1196 843 1342 916 fideliter
1380 848 1618 940 consignatum
1644 869 1718 918 cunr

337 947 584 1024 subnotacione
610 948 760 1036 testium,
785 967 929 1042 quorum
956 946 1019 1018 hec
1044 949 1181 1020 nomine
1209 957 1307 1018 suunt:
1332 945 1560 1039 Manegoldus
1585 969 1720 1042 prepo-

336 1050 436 1136 situs,
461 1045 626 1118 Albertus
653 1044 824 1138 decanus,
849 1045 1075 1120 hartmannus
1102 1049 1296 1144 prepositus
1323 1047 1355 1117 in
1383 1045 1600 1142 Onolspach‚
1627 1049 1720 1119 lirc-

337 1151 456 1242 gorius
470 1145 743 1238 archidiaconus,
769 1144 938 1220 nutritus
954 1147 1173 1240 scolasticus,
1189 1145 1403 1218 Wernherus
1420 1147 1463 1218 de
1477 1147 1720 1242 Tenueuberp,

339 1245 512 1342 Arpoldus
557 1257 696 1338 custos,
738 1249 895 1322 canonici
938 1251 1077 1322 maioris
1125 1247 1303 1334 eeclesie‚
1348 1245 1513 1319 hibertus
1557 1252 1721 1336 notarius,

338 1347 547 1421 Woluoldus
575 1347 617 1420 tle
642 1345 898 1444 Heitingesvelt
924 1349 1044 1440 nites,
1077 1345 1258 1424 Heinricus
1285 1345 1460 1420 Rehestoe
1494 1347 1660 1422 scultetus
1688 1353 1721 1423 in

337 1447 614 1538 Randersacker,
643 1447 819 1521 cunradus
847 1445 1296 1526 ettteinrtcuswehetarti„
1322 1451 1417 1522 ciues
1445 1445 1720 1544 herbipolenses‚

340 1560 375 1622 et
400 1549 457 1622 alii
480 1549 598 1646 plures
624 1546 690 1620 iude
716 1547 821 1642 digni.
872 1549 995 1622 Datum
1021 1545 1197 1645 Herbipoli
1226 1569 1314 1620 erano
1343 1551 1460 1642 gracie
1478 1545 1722 1638 Mccuxxtt„

339 1671 460 1728 mense
486 1649 592 1738 lulio,
616 1648 803 1725 indictione
829 1659 965 1743 echan,
983 1648 1203 1748 pontificatus
1229 1651 1339 1724 nostri
1365 1670 1455 1721 anno
1482 1659 1596 1724 sexto.

551 1847 657 1934 stgttta
677 1855 842 1933 perierunt

947 2291 1122 2372 GDXLlll.

688 2497 776 2564 Anne
800 2495 903 2580 1280„
930 2495 978 2562 19.
1002 2497 1197 2581 S.ptenrbrls,
1219 2491 1379 2580 licrbtpolt.

345 2629 530 2761 llertoldus
566 2683 822 2781 herbipolensis
860 2688 1044 2784 spiscopus
1081 2684 1227 2759 Alberto
1265 2683 1396 2759 decano
1431 2683 1604 2762 ecclesiae
1644 2707 1727 2760 suae

348 2803 472 2859 omnes
489 2783 835 2860 tecnanovattun
861 2789 895 2856 in
916 2789 1069 2860 terminis
1083 2782 1545 2882 parochiaeileilcbrunnen
1570 2797 1727 2883 exparte

379 2887 580 2962 manase-h
606 2885 834 2962 hincuiensis
861 2885 1127 2984 'exstirpaturum
1154 2898 1211 2961 aut
1234 2885 1548 2984 exstirpandum,
1574 2887 1687 2960 donet.

446 3055 699 3136 bertoldus
726 3055 782 3132 dei
807 3059 922 3152 gretia
941 3056 1196 3156 herbipolensis
1219 3061 1406 3156 episcopus
1431 3057 1728 3132 stannesorun

347 3165 384 3230 et
419 3155 641 3250 singulariter
677 3155 914 3251 singulorum,
953 3170 1021 3233 tem
1053 3163 1272 3256 presentium·
1302 3181 1400 3254 quern
1437 3159 1627 3233 nurerum
1665 3159 1729 3234 ltus

348 3257 483 3332 litteras
509 3257 719 3341 lecturorum
744 3261 905 3335 noticiam
931 3263 1085 3356 cupimus
1110 3261 1315 3356 personne,
1347 3257 1438 3356 quod
1468 3281 1536 3334 nos
1569 3259 1730 3334 uolentes

350 3359 459 3451 gratis
486 3367 523 3432 et
548 3361 699 3455 acceptis
725 3357 969 3454 obsequiorum
994 3363 1150 3450 meritis,
1176 3360 1356 3454 inquibus
1382 3381 1470 3455 erga
1493 3383 1559 3434 nos
1584 3361 1729 3437 dilectus

348 3455 449 3537 nobis
474 3456 695 3544 Albanius
722 3457 873 3536 decanus
899 3470 1020 3538 nostre
1045 3459 1197 3536 ecclesie
1224 3459 1376 3533 exbibuit
1401 3471 1437 3533 ct
1462 3459 1570 3534 adhuc
1590 3459 1731 3537 exhibet

350 3581 390 3638 su
409 3557 611 3651 sollertem,
637 3558 805 3655 aliquibus
822 3561 998 3656 stipendiis
1013 3559 1240 3657 respondere,
1264 3583 1390 3634 omnes
1406 3583 1473 3636 nos
1489 3564 1730 3656 contingentes

352 3657 504 3749 decimas
528 3660 704 3741 nauffinna
729 3663 764 3732 in
790 3659 912 3753 situs,
948 3660 1078 3738 rubetis
1112 3670 1148 3734 et
1181 3661 1367 3755 virgultis,
1404 3665 1439 3734 in
1464 3663 1619 3739 terminis
1644 3683 1730 3758 par-

350 3758 470 3841 rochie
482 3761 534 3843 iu
555 3759 915 3857 Heilsbronnsn,
942 3783 990 3836 ex
1014 3759 1324 3856 purtetlilectornm
1341 3765 1375 3833 in
1392 3762 1528 3836 Christo
1550 3816 1558 3832 .
1576 3815 1583 3833 .
1598 3761 1731 3834 abbatis

352 3869 387 3932 et
402 3863 807 3939 comentusnuuasterii
820 3859 1173 3940 birsouwiensis
1201 3865 1399 3958 exsu’rpatis
1417 3871 1473 3934 nrt
1489 3861 1731 3958 exstirpandis,

352 3957 519 4035 donamus
543 3961 656 4055 sideru¹
672 3960 803 4036 decano
829 3962 889 4038 tel
903 3962 991 4055 biis‚·
1008 3959 1128 4057 quibus
1144 3964 1220 4057 ipsc
1236 3959 1375 4056 eastlern
1392 3963 1544 4036 decim
1558 3961 1732 4036 donandus

353 4079 417 4132 sen
440 4057 608 4165 templus
635 4064 771 4152 duent
794 4074 961 4160 perpetue
976 4059 1238 4162 possidendas..
1267 4058 1306 4133 in
1319 4067 1415 4138 euius
1435 4066 1487 4136 rei
1501 4067 1731 4138 tesbneutun
