3768 4728
627 389 845 486 episcopatus
871 383 1167 484 wnuttmpousio.

797 723 992 802 cclxxii.

658 927 749 994 Anno
775 923 878 1008 ient,
900 945 1005 994 meuse
1026 916 1132 1012 Aprili.

204 1111 416 1186 Hermannus
443 1111 695 1210 herbipolensis
722 1117 906 1212 episcopus
932 1112 1022 1190 bona
1047 1117 1082 1188 in
1107 1109 1299 1203 Bibolrietl‚
1334 1134 1475 1208 quorum
1502 1135 1582 1186 ma-

205 1211 363 1284 dictatam
397 1212 604 1286 aSwilaero
639 1214 681 1288 tle
709 1213 887 1290 Obcrbacb
930 1226 965 1287 et
989 1215 1129 1311 Agnete
1161 1235 1273 1288 uxore
1307 1215 1403 1301 eius,
1441 1211 1588 1286 alteram

205 1307 313 1384 autem
342 1337 360 1384 a
387 1311 526 1386 Siberto
552 1313 824 1388 deWindebeim
853 1329 888 1388 et
912 1315 1075 1388 Mobtilde
1091 1335 1202 1386 uxore
1219 1317 1292 1387 eius
1312 1309 1583 1408 comparaverat,

204 1411 362 1484 iratribus
399 1411 518 1488 domus
558 1413 737 1512 hospitalis
777 1417 813 1488 S.
848 1415 1012 1490 lobannis
1049 1414 1202 1488 ducentis
1241 1415 1421 1508 sexaginta
1458 1416 1582 1487 marcis

204 1513 500 1606 capessiverit,
534 1518 590 1610 qui
612 1514 804 1606 cavebunt,
841 1540 885 1590 ne
911 1539 953 1588 ca
990 1515 1102 1607 bona,
1136 1517 1165 1589 si
1199 1513 1258 1586 illa
1293 1513 1405 1610 aliquo
1439 1535 1583 1610 unquam

205 1622 358 1710 tompore
385 1636 448 1688 eos
474 1613 627 1688 vendere
663 1619 871 1710 contigerit,
907 1639 970 1713 per
1008 1620 1103 1714 ipsos
1142 1613 1314 1688 ecelesiae
1350 1613 1583 1712 herbipolensi

774 1715 854 1790 iant
877 1717 1001 1792 aliena.

303 1883 580 1960 llormunuus
606 1886 661 1960 dei
688 1890 797 1981 gratio
824 1886 1077 1984 herbipolensis
1105 1887 1300 1982 opiscopus.
1352 1886 1584 1960 insinuatione

205 1989 414 2079 presentium
441 1983 483 2058 ad
508 1991 667 2060 noticiam
696 1992 951 2063 transmittimus
975 1989 1184 2077 nuturomm
1223 1986 1312 2080 quod
1344 2007 1409 2058 nos
1434 1985 1524 2059 bona
1548 1989 1583 2059 in

206 2085 438 2176 tribuisti,
464 2107 605 2182 quorum
633 2087 848 2161 medietatem
874 2098 954 2184 npnt
988 2086 1239 2161 Swikerum
1279 2086 1322 2157 tle
1350 2085 1584 2158 (lberbacb

205 2194 238 2256 et
262 2185 476 2278 Agnetinr
504 2209 648 2260 uxorem
685 2191 784 2279 eius‚
825 2199 859 2261 et
895 2187 1111 2260 medietatam
1138 2187 1280 2258 alterum
1306 2185 1533 2274 a-Siberto
1556 2185 1583 2281 ¹)

205 2295 236 2355 et
261 2285 469 2358 llehiildi
492 2284 519 2380 ²)
546 2311 657 2360 uxore
684 2292 757 2362 eius
786 2293 820 2362 in
845 2291 1088 2384 proprietatem
1114 2286 1265 2359 ecclesie
1291 2295 1410 2359 nostro
1436 2307 1583 2382 compa-

204 2388 366 2475 ravimus
395 2386 556 2460 videlicet
583 2391 795 2476 carrinatem,
822 2399 1009 2462 structuras
1035 2397 1070 2458 et
1096 2385 1226 2458 edificia
1253 2386 1319 2458 ulia
1336 2385 1584 2458 inBibelrid

207 2507 280 2554 cnm
310 2486 465 2558 omnibns
492 2491 677 2561 attinentiis
703 2491 835 2579 vineis,
870 2489 987 2577 siluis,
1022 2489 1147 2582 pratis,
1180 2490 1337 2581 pascuis,
1362 2488 1443 2575 viis,
1468 2487 1584 2576 inviis,
1664 2488 1673 2503 '

204 2589 297 2678 asparis
325 2609 552 2682 aquarumque
579 2587 797 2676 decurremus,
823 2590 983 2684 piscinisp
1010 2585 1216 2658 molendinis
1244 2595 1279 2657 ot
1305 2584 1381 2659 aliis
1409 2587 1582 2659 uniuersis

205 2685 489 2765 corrsiderantes„
530 2687 619 2782 quod
646 2687 688 2760 da
714 2692 877 2785 pecunia,
910 2709 1008 2782 quam
1042 2709 1104 2784 pro
1131 2688 1215 2782 ipsis
1241 2684 1340 2758 bonis
1368 2683 1583 2777 dederamus,

204 2808 383 2879 possemus
410 2793 538 2858 uraiom
566 2787 774 2883 disponere„
814 2809 879 2882 qua
913 2797 1033 2860 nostre
1072 2796 1192 2858 essent
1217 2785 1369 2859 ecclesio
1394 2785 1582 2880 profutura,

204 2887 371 2958 intuentes
408 2891 508 2958 etiarn
545 2887 728 2984 obsequia,
748 2884 777 2982 ³)
818 2911 885 2983 que
925 2887 1050 2960 iratres
1092 2886 1211 2960 domus
1251 2885 1431 2982 hospitalis
1474 2890 1583 2959 sancti

203 2984 365 3058 lobannis
393 2988 492 3058 nobis
519 2991 636 3084 sepius
663 2991 884 3084 prestiterunt
909 2997 944 3060 et
969 2991 1002 3060 in
1029 2997 1204 3082 posterum
1230 2996 1389 3082 poterunt
1405 2985 1582 3076 exhibere,

204 3090 351 3180 acceptis
378 3085 419 3158 nb
445 3091 529 3182 ipsis
555 3087 718 3162 iratribus
735 3088 888 3160 ducentis
907 3091 1089 3181 sexaginta
1102 3088 1227 3160 marcis
1243 3089 1377 3181 argenti
1395 3085 1583 3162 secundumn

206 3194 378 3258 tractatum
405 3189 584 3261 internos
611 3189 653 3260 ia
679 3191 762 3285 ipsis
788 3187 890 3261 bouis
914 3185 1074 3278 habitum,
1097 3186 1256 3260 iratribus
1283 3185 1436 3262 ciustcm
1461 3185 1582 3260 domus

202 3283 379 3381 hospitalis
406 3287 559 3360 dedimus
598 3291 815 3384 proprietatis
854 3290 995 3360 nomino
1030 3295 1197 3383 perpetuo
1231 3284 1341 3358 libere
1375 3285 1582 3382 possidenda

203 3385 243 3457 de
268 3390 378 3460 nostri
405 3389 541 3482 capituli
570 3389 718 3462 consilio
745 3398 780 3460 ot
805 3387 925 3460 tunore
951 3397 987 3459 ct
1012 3386 1229 3484 imitanum,
1254 3397 1356 3482 prout
1380 3389 1413 3460 in
1439 3396 1582 3462 tractatu

203 3489 382 3580 emptionis
409 3491 541 3560 exstitit
567 3499 722 3576 tractum,
749 3490 780 3560 si
805 3491 880 3584 ipsu
906 3487 997 3560 bona
1023 3487 1137 3582 aliquo
1163 3508 1318 3584 umquam
1345 3497 1498 3582 tempore
1518 3511 1581 3563 eos

203 3586 353 3658 uendere
380 3591 584 3680 coritigerit‚
624 3588 791 3660 cauebant
823 3610 868 3659 ne
901 3607 942 3659 ea
968 3610 1031 3683 per
1057 3589 1153 3683 ipsos
1180 3585 1260 3660 llant
1285 3599 1404 3660 nostre
1431 3589 1582 3663 ecclesie

204 3684 326 3776 aliena,
353 3695 389 3758 et
413 3686 512 3760 nobis
539 3699 596 3761 aut
621 3687 883 3763 succcessoribus
910 3691 1038 3761 nostris
1054 3687 1270 3784 uelcapitulo
1286 3699 1407 3760 nostro
1424 3687 1583 3779 insudent,

204 3787 291 3857 etsi
317 3807 382 3858 nos
408 3795 465 3858 aut
491 3809 717 3862 successores
752 3791 862 3860 nostri
897 3787 954 3861 uel
994 3787 1175 3883 capitulum
1209 3799 1364 3862 nostrum
1398 3809 1515 3860 emere
1541 3811 1583 3860 ca

202 3888 277 3980 ipso
303 3896 459 3982 tempore
484 3887 628 3978 nollent,
654 3887 866 3961 ministeriali
892 3888 1043 3961 ecclesie
1068 3899 1188 3962 nostro
1215 3891 1414 3985 cuicumque
1431 3889 1582 3962 uendere

203 3995 346 4081 possunt
372 4009 423 4059 oa.
476 3987 521 4061 Et
544 3999 581 4060 ut
604 3987 670 4062 hec
696 3987 850 4064 omnibus
875 3987 1036 4087 patefiant
1061 3997 1097 4062 ot
1120 3988 1248 4062 nullum
1275 3989 1318 4062 tle
1343 3990 1410 4062 boc
1440 3997 1582 4064 tractatu

236 4127 285 4167 Ιοι.
301 4128 353 4168 latu
370 4129 413 4170 tol.
427 4129 513 4171 tutti.
527 4139 573 4171 m.
587 4129 635 4172 colb
649 4129 673 4173 Ι.
1324 4090 1373 4164 40
