3774 4728
326 461 398 534 222
900 455 1126 532 namneum

321 665 416 732 ratas
443 655 488 728 ad
509 656 719 752 presentiam
740 662 894 728 nouam
919 651 1088 728 amedeus
1128 672 1203 726 cum
1237 652 1397 726 uuanda
1436 647 1535 724 nolis
1562 647 1698 742 snppli-

324 759 424 845 cauit,
451 765 486 826 ut
511 758 619 850 ipsum
646 775 692 826 ex
717 751 868 827 secundo
895 752 1035 826 decreto
1060 773 1179 823 uerum
1205 771 1448 846 possessorem
1464 748 1598 845 prelata
1612 769 1702 842 pra-

323 853 435 930 bende
461 858 671 928 constituere
698 852 926 947 dignaremur,
952 853 1121 944 allegans,
1147 850 1214 923 hoc
1239 849 1282 922 de
1307 853 1381 922 iure
1407 860 1486 944 post
1500 850 1598 920 unius
1620 850 1700 919 anni

324 955 479 1050 elapsum
505 953 570 1028 sili
595 956 837 1049 conpetiuisse.
889 951 963 1024 Nos
987 973 1073 1022 uero
1100 950 1164 1024 hiis
1191 961 1227 1022 et
1251 949 1327 1022 aliis
1346 947 1608 1043 allegationibus
1622 945 1702 1018 hinc
1819 1003 1823 1011 .

323 1053 403 1127 inde
429 1054 610 1149 diligenter
637 1052 804 1146 indagatis
831 1050 1016 1126 secundum
1049 1049 1231 1146 proborum
1264 1053 1415 1121 uirorum
1449 1059 1484 1120 et
1516 1050 1700 1142 iurisperi-

177 1219 195 1247 „
323 1164 452 1227 torum·
469 1153 651 1228 consilium
690 1175 752 1248 per
785 1155 986 1225 sententiam
1027 1153 1136 1246 ipsam
1178 1149 1219 1221 ll.
1254 1148 1428 1245 prebende
1472 1171 1535 1220 sue
1580 1168 1700 1218 uarum

324 1257 560 1328 constituimus
596 1273 851 1348 possessorem.
912 1249 973 1322 Set
1008 1253 1084 1344 quia
1120 1260 1259 1346 propter
1298 1259 1424 1320 matum
1460 1259 1496 1320 et
1542 1249 1699 1342 corporis

323 1358 527 1443 cruciatum,
561 1357 616 1448 qui
642 1355 764 1423 merito
800 1349 888 1422 cadit
923 1353 1195 1423 inconstantem
1228 1351 1356 1439 uirum,
1397 1347 1624 1443 personaliter
1658 1343 1701 1418 ad

322 1454 437 1528 locum
460 1464 609 1526 uestrum
638 1450 805 1523 accedere
831 1473 899 1522 non
937 1449 1081 1522 audebat
1118 1473 1183 1521 nec
1216 1447 1324 1520 adlruc
1361 1447 1483 1536 audet,
1525 1458 1560 1517 ut
1599 1445 1699 1518 uobis

323 1563 458 1628 constat
484 1563 518 1624 et
550 1549 669 1640 nobis,
711 1553 910 1624 auctoritate
946 1549 1040 1622 sedis
1074 1548 1264 1644 apostolice
1292 1559 1327 1619 et
1350 1559 1469 1620 nostra
1496 1547 1632 1618 domino
1659 1545 1698 1618 E.

323 1655 557 1726 concanonico
584 1662 713 1738 uestro,
739 1653 916 1746 preposito
942 1648 984 1721 de
1008 1648 1276 1736 Muclrestat,
1301 1645 1441 1718 firmiter
1464 1657 1500 1718 et
1527 1645 1588 1717 sub
1609 1669 1698 1740 pena

323 1751 475 1824 dedimus
502 1755 537 1823 in
561 1750 747 1839 mandatis,
783 1761 818 1822 ut
843 1760 1028 1846 prouentus
1055 1759 1134 1822 ante
1161 1748 1238 1820 dicti
1265 1745 1421 1842 stipendii
1454 1749 1592 1818 nomine
1618 1768 1699 1818 me-

321 1855 444 1926 morati
469 1850 511 1923 Η.
538 1850 722 1944 colligeret
747 1860 782 1921 et
806 1851 871 1944 ipsi
887 1851 1142 1939 transmitteret,
1164 1846 1362 1934 adicientes,
1387 1857 1423 1917 ut
1437 1869 1502 1918 uos
1523 1849 1697 1940 preposito

321 1953 362 2028 R
389 1953 614 2044 assignaretis
648 1949 861 2044 integraliter
895 1948 1061 2039 eosdem,
1097 1947 1187 2043 quod
1220 1946 1337 2019 iacere
1372 1949 1508 2020 minime
1541 1947 1698 2038 curastis,

322 2049 442 2126 sedem
467 2049 691 2146 apostolicam
718 2071 822 2146 super
848 2045 1043 2144 quibusdam
1072 2047 1223 2120 articulis
1250 2045 1473 2144 appellantes.
1513 2043 1586 2119 Nos
1611 2068 1696 2118 uero

321 2150 484 2224 artiomm
522 2149 759 2246 appellationis
799 2159 916 2222 uestra
956 2157 1096 2243 propter
1137 2147 1254 2243 plures
1291 2168 1412 2220 causas
1452 2143 1700 2221 insufficientes

319 2260 530 2345 reputantes,
555 2247 819 2346 appellationem
845 2271 865 2320 a
891 2246 990 2320 uobis
1017 2251 1250 2343 interpositam
1276 2245 1401 2337 nullius
1428 2267 1509 2318 esse
1536 2247 1698 2318 momenti

320 2349 561 2439 iudicauimus,
600 2371 667 2422 vos
694 2351 792 2420 etiam
804 2401 814 2436 ,
849 2350 925 2442 quia
967 2351 1116 2420 scienter
1153 2357 1187 2418 et
1224 2357 1354 2417 temere
1388 2355 1506 2416 contra
1544 2355 1696 2418 nostrum

319 2447 510 2522 mdatum
534 2447 644 2521 eidem
660 2447 687 2520 1.
699 2450 985 2535 communicastis,
1011 2457 1112 2542 prout
1126 2449 1161 2518 in
1176 2445 1299 2518 litteris
1316 2447 1444 2517 uestris
1463 2443 1561 2518 nobis
1578 2455 1696 2517 trans-
1767 2527 1772 2538 Ι

219 2593 223 2614 .
318 2551 436 2624 missia
462 2548 615 2622 confessi
641 2551 745 2638 estis,
781 2569 845 2643 per
876 2551 1081 2620 sententiam
1113 2545 1155 2618 ab
1180 2548 1342 2638 ingressu
1367 2543 1519 2617 ecclesia
1545 2567 1700 2640 suspen-

319 2648 441 2740 dimus,
465 2649 547 2720 licet
571 2651 736 2721 maiorem
762 2649 1149 2720 excommunicationem
1170 2649 1245 2740 ipso
1272 2647 1346 2716 iure
1368 2642 1565 2717 incideritis.
1593 2643 1696 2718 Scitis

319 2752 411 2822 nin
443 2748 501 2820 uel
533 2750 625 2821 scire
659 2745 810 2835 debetis,
851 2745 940 2842 quod
973 2749 1173 2840 quicumque
1214 2747 1365 2818 scienter
1403 2746 1630 2818 communicat
1661 2753 1699 2818 et

319 2849 451 2920 arimini
476 2857 512 2919 at
537 2848 736 2937 criminoso,
760 2845 942 2919 eonsilium
968 2857 1004 2918 at
1028 2845 1189 2917 auxilinm
1218 2847 1292 2916 siue
1317 2843 1476 2916 laveram
1501 2841 1698 2940 inponenda

318 2945 442 3038 aidan,
467 2949 502 3018 in
527 2948 690 3018 maiorem
714 2948 831 3040 utique
856 2945 973 3018 incidit
998 2946 1397 3034 excommunicationem,
1421 2954 1522 3039 prout
1546 2946 1582 3016 in
1602 2965 1697 3016 nono

317 3049 391 3118 iure
417 3055 551 3118 mutum
576 3047 755 3140 reperitur.
805 3044 906 3117 Vnde
938 3043 1028 3117 bona
1062 3042 1127 3116 lide
1151 3053 1188 3116 et
1212 3046 1247 3114 in
1280 3043 1417 3116 domine
1450 3041 1548 3116 nolis
1588 3041 1698 3116 amno

318 3145 540 3236 comalimus,
566 3143 763 3218 mandantes
789 3155 825 3216 et
849 3147 1098 3240 precipientes,
1133 3153 1170 3215 nt
1194 3155 1380 3238 prouentus
1415 3141 1589 3239 prebenda
1615 3165 1696 3216 ma-

316 3255 451 3320 morate
476 3245 563 3318 inira
589 3248 740 3342 spacium
766 3253 845 3317 octo
872 3243 1003 3316 dierum
1028 3268 1048 3316 a
1075 3247 1274 3339 receptione
1298 3245 1507 3340 mentium
1537 3241 1627 3316 dicto
1652 3243 1695 3316 ll.

316 3347 515 3420 ministretis
541 3355 577 3419 et
601 3347 776 3442 preposito
804 3343 846 3416 da
870 3343 1143 3434 llluckestat,
1181 3345 1269 3416 sieut
1301 3365 1403 3439 supra
1440 3346 1603 3437 scriptum
1628 3353 1697 3434 ast,

316 3449 527 3542 resignetis,
559 3445 855 3540 monuncourt
879 3467 944 3518 uos
970 3444 1052 3515 licet
1076 3445 1171 3518 tratti
1197 3441 1240 3515 ad
1264 3443 1464 3517 ulteriorem
1491 3445 1695 3518 sententiam

314 3545 507 3643 procedere
534 3545 788 3642 compellamur,
814 3545 937 3617 ilatum
952 3543 1142 3637 lloguntia,
1168 3541 1226 3614 vt.
1246 3541 1447 3634 farratum
1460 3541 1502 3614 V.
1515 3540 1697 3634 kalendas,

312 3667 408 3720 anno
432 3643 600 3721 dominice
625 3645 867 3718 incarnationis
893 3643 954 3718 Μι·
975 3642 1056 3716 00⁰·
1082 3639 1221 3715 XXVII.

525 3844 573 3910 lin
593 3843 691 3908 tritum
709 3843 825 3929 sigillis.
838 3845 978 3926 apparete
1000 3839 1164 3909 seeundum
1187 3845 1298 3906 mom
1320 3842 1472 3929 mptum
1494 3847 1549 3907 eat
