3776 4730
618 427 837 544 episcopatus
862 423 1157 526 wurtburgensis.

758 625 1027 704 ccccxxxm.
1128 600 1132 606 ’

653 795 743 864 Anno
768 795 871 880 1271,
895 797 924 865 7.
945 798 1135 864 Nouembris,

201 945 377 1026 Grimadus
404 973 523 1026 comes
550 949 594 1026 de
619 954 813 1052 vaihingen
840 957 1013 1032 ecclesiae
1038 955 1274 1054 herbipolensi
1308 977 1371 1052 pro
1398 953 1584 1029 advocacia

201 1053 234 1124 in
261 1049 436 1126 Stanheim
462 1052 505 1125 de
531 1077 706 1132 consensu
733 1069 767 1130 et
792 1057 1029 1131 ratihabitione
1045 1055 1189 1131 Gotlridi
1216 1067 1251 1129 et
1267 1053 1414 1130 Cdnradi
1438 1055 1584 1128 filiorum

200 1173 340 1230 suorum
355 1153 473 1228 villum
491 1153 654 1230 Glatbaoh
669 1159 762 1232 iuxta
783 1157 975 1253 Vaibingcn
997 1169 1033 1232 et
1049 1160 1176 1232 curiam
1191 1161 1228 1232 in
1243 1157 1398 1251 Wihigin
1417 1160 1584 1252 assignat.

298 1297 516 1374 Reverendis
543 1299 690 1376 dominis
716 1305 787 1376 suis
813 1303 906 1376 her.
934 1303 989 1376 dei
1015 1307 1125 1398 gratia
1139 1305 1316 1400 episcopo,
1344 1357 1378 1372 ..
1405 1304 1583 1398 preposito

200 1401 330 1494 totique
356 1399 505 1496 capitulo
532 1401 684 1475 ecclesie
710 1401 961 1500 herbipolensis
989 1401 1222 1478 Gdnradus
1257 1423 1375 1476 comcs
1410 1401 1453 1473 dc
1479 1404 1583 1474 Vai-

200 1499 371 1596 hingen
395 1523 457 1574 sue
483 1505 658 1597 paruitatis
685 1503 848 1599 obsequie
887 1525 962 1578 cum
988 1507 1192 1578 reverencie
1226 1502 1339 1576 debita
1376 1513 1411 1574 et
1445 1501 1581 1574 deuota.

198 1599 326 1674 Vestra
335 1599 555 1674 dominationi
568 1607 759 1698 graciarum
774 1609 928 1678 actiones
941 1609 1114 1681 inmensas
1128 1605 1258 1694 celero,
1271 1601 1361 1698 quod
1374 1605 1582 1698 peticionem

199 1723 310 1776 meam
337 1700 544 1795 admisistis,
581 1704 802 1800 permutando
830 1706 1048 1780 aduocaciam
1087 1710 1121 1778 in
1159 1703 1389 1778 Stanbaim
1431 1701 1583 1776 ecclesie

199 1811 317 1878 uestro
344 1805 418 1876 iure
444 1802 582 1889 dominii
608 1809 846 1902 pertinentem,
873 1829 947 1880 cum
974 1807 1074 1882 bonis
1102 1809 1188 1880 meis
1205 1805 1419 1902 subscriptis,
1446 1803 1583 1898 etquod

198 1901 342 1976 eandem
368 1902 585 1978 adnocaciam
610 1911 822 1980 monasterio
859 1930 1019 1982 sororum
1059 1907 1212 1980 eiusdem
1252 1905 1338 1978 ville
1379 1903 1422 1975 de
1461 1903 1582 1979 ordine

198 2003 339 2078 fratrum
365 2003 616 2100 predicatomm
642 2008 847 2081 contulistis.
899 2009 942 2082 Et
970 2030 1053 2080 cccc
1079 2007 1190 2100 hona,
1223 2027 1289 2102 que
1321 2009 1355 2078 in
1381 2025 1582 2100 reconpen-

197 2108 373 2178 sacionem
400 2105 489 2178 dicte
515 2105 700 2180 aduocacie
725 2109 827 2182 vobis
854 2119 889 2182 et
914 2109 1066 2182 ecclesie
1100 2117 1219 2181 vestre
1259 2105 1302 2178 de
1339 2127 1512 2178 consensu
1547 2113 1584 2177 et

197 2203 443 2278 ratihabicione
482 2206 676 2281 Gotlridi
715 2221 751 2282 et
790 2205 982 2282 ciniani
1023 2209 1169 2282 liliorum
1208 2229 1363 2280 meorum
1406 2203 1501 2278 trado
1546 2215 1582 2277 et

198 2309 355 2402 assigno,
381 2317 458 2382 sunt
483 2309 562 2398 ista,
587 2308 752 2382 videlicet
763 2309 848 2381 villa
874 2307 1093 2382 Glatbach
1121 2313 1186 2383 situ
1203 2311 1296 2380 iuxta
1311 2305 1580 2400 vaihingen,

199 2417 233 2480 et
245 2410 338 2478 curia
354 2409 388 2480 in
404 2405 617 2502 Wihigin,
644 2431 718 2480 cum
735 2408 890 2482 omnibns
901 2410 1029 2485 iuribus
1046 2421 1083 2482 et
1091 2412 1312 2505 pertinenciis
1329 2411 1414 2496 suis,
1440 2428 1581 2504 querum

196 2507 360 2580 videlicet
384 2507 469 2582 villo
496 2531 537 2580 ac
563 2511 656 2580 curie
684 2509 866 2582 dominium
902 2510 944 2581 ad
968 2531 1024 2582 me
1051 2519 1209 2606 spectare
1236 2507 1433 2580 dinoscitur.
1486 2507 1580 2580 Tru·-

195 2607 364 2681 dicioncm
392 2629 454 2683 scu
479 2611 756 2702 assignacioncm
793 2609 960 2682 bonorum
999 2609 1189 2682 huiusmodi
1223 2605 1324 2680 vobis
1359 2617 1394 2680 et
1424 2605 1581 2680 ecclesis

195 2717 315 2783 vestre
339 2731 403 2804 per
428 2720 610 2805 presentes
637 2710 769 2801 literas,
796 2710 1006 2786 venerabilis
1041 2709 1168 2783 domini
1192 2705 1478 2781 Hiltcbrandi
1512 2705 1579 2777 ab·
1702 2733 1706 2742 ·

194 2807 283 2883 batis
310 2807 352 2880 de
377 2807 593 2902 hlulbrun,
619 2811 748 2885 ordinis
775 2815 1031 2901 cisterciensis,
1058 2821 1093 2884 ct
1119 2813 1185 2882 mei
1222 2811 1351 2905 proprii
1386 2807 1580 2899 sigillorum

165 2913 378 2998 ,munimine
401 2910 594 2985 roboratas.
645 2913 724 3008 Ego
752 2935 838 2985 vero
865 2912 971 2987 abbas
1005 2915 1070 2984 lam
1109 2910 1281 3008 predictus
1316 2907 1484 2982 confiteor
1516 2930 1579 3004 per

195 3021 400 3108 presentes,
437 3035 492 3084 me
529 3013 617 3085 dicte
641 3012 819 3086 tradicioni
854 3035 917 3087 seu
943 3014 1175 3107 assignacioni
1208 3009 1405 3084 interfuisse
1432 3031 1579 3084 unacum

194 3114 302 3186 fratrc
326 3109 585 3186 Wernhero
613 3113 911 3188 deStucardia
938 3125 973 3186 et
997 3113 1205 3186 iratrcblar
1245 3107 1578 3184 uardodeordine

194 3213 335 3286 fratrum
361 3211 624 3308 predicatorum,
650 3213 689 3287 G.
705 3213 835 3286 decano
862 3213 904 3285 de
920 3213 1189 3307 Vaihingen,
1215 3133 1276 3285 dt.
1293 3209 1578 3284 debranburc

196 3324 232 3387 et
254 3305 315 3386 tt.
344 3312 386 3385 de
414 3313 556 3404 Stain,
581 3313 772 3406 nobilibus,
804 3315 846 3387 R.
874 3313 964 3386 dicto
990 3314 1257 3387 medicator
1283 3311 1325 3384 de
1351 3309 1581 3383 Hocbdorl

195 3411 492 3488 atWernhero'
505 3413 547 3487 de
561 3413 806 3512 Gertrigcn
822 3413 983 3487 militibus
1006 3417 1073 3511 ,qui
1091 3436 1224 3506 omnes,
1250 3411 1315 3484 lidc
1328 3409 1481 3483 datauna
1500 3433 1577 3482 cum

195 3517 321 3589 comite
346 3517 424 3588 vice
451 3517 629 3588 iuramenti
656 3515 837 3606 dixerunt,
874 3515 990 3587 villam
1028 3525 1063 3587 et
1100 3517 1226 3586 curiam
1264 3521 1460 3610 pretaxatas
1494 3533 1576 3584 esse

194 3619 334 3690 maioris
362 3613 517 3706 valoris,
554 3637 652 3712 quam
693 3620 737 3690 sit
772 3614 956 3689 aduocacia
981 3625 1192 3708 memorata,
1226 3626 1259 3687 et
1294 3611 1335 3684 ud
1369 3615 1575 3710 peticionem

196 3715 347 3792 eiusdem
374 3717 533 3807 comitis,
571 3719 605 3790 in
642 3715 852 3790 euidcnciam
884 3719 1153 3812 premissorum,
1192 3739 1247 3788 me
1285 3713 1434 3807 sigillum
1462 3733 1575 3784 mcum

194 3815 411 3917 presentibus
438 3815 654 3914 appendisse.
705 3817 828 3891 Datum
854 3839 943 3890 anuo
978 3815 1106 3890 domini
1129 3815 1190 3891 lll0·
1221 3813 1303 3889 000-
1331 3813 1462 3904 tntu,
1499 3809 1571 3887 Vll.

194 3917 283 4020 ydus
307 3915 525 3993 Nouembris.

404 4049 541 4162 Sigillum
561 4057 689 4138 comitis,
708 4058 739 4122 iu
761 4057 1037 4142 circumscriptione
1059 4051 1147 4122 valde
1169 4053 1284 4120 laesum
1305 4053 1463 4140 appendet.
