3774 4728
576 472 795 566 episcopatus
823 469 1117 565 wirziburgensis.
1419 554 1425 576 ⁸
1475 475 1544 546 187

17 615 18 678 ᾗ
158 669 281 763 libere,
308 667 351 742 ad
375 671 574 766 petitionem
597 667 772 742 Nathan
797 668 897 742 Judei
923 610 1080 744 ecclesie·
1102 673 1211 744 sancti
1236 671 1361 762 Kiliaui
1386 677 1543 770 proprias

17 859 18 864 η
159 771 337 846 dedimus..
376 769 430 842 Eo
456 768 620 842 videlicet
646 779 766 865 pacto,
806 779 845 842 vt
878 769 973 842 idam
1002 769 1132 844 Judevs
1167 780 1203 842 et
1236 775 1345 846 omnis
1380 772 1544 848 heredum

158 893 299 948 suorum
323 873 510 967 posteritas
551 867 690 942 easdem
728 879 843 944 curtes
882 879 917 942 at
942 869 1063 944 domos
1102 867 1143 941 ab
1182 873 1255 966 ipsa
1293 873 1445 946 ecclesia
1482 897 1545 970 par

17 1003 19 1020 ³
157 996 293 1046 manum
318 971 440 1044 decani
466 973 606 1042 maioris
619 992 685 1065 pro
697 968 828 1042 maldro
843 973 957 1060 tritici,
982 973 1016 1042 iu
1041 969 1132 1043 festo
1149 975 1258 1043 sancti
1274 972 1409 1046 Martini
1435 977 1543 1068 ipsius

158 1073 311 1148 ecclesia
350 1068 510 1144 iratribus
547 1073 720 1142 aunuatim
755 1068 992 1166 dependendi,
1026 1073 1199 1165 reciperet
1225 1079 1260 1142 et
1296 1083 1441 1146 teneret.
1493 1073 1543 1146 lta

17 1175 18 1198 ³
156 1173 342 1261 videlicet,
367 1181 406 1242 vt
432 1170 576 1266 abipso
601 1169 773 1242 Nathan
807 1181 842 1242 at
874 1173 945 1244 suis
972 1169 1156 1242 heredibus
1182 1169 1273 1244 bona
1297 1173 1450 1268 predicta
1476 1172 1542 1244 ab·
1627 1165 1638 1188 '

156 1276 249 1350 solut
259 1273 303 1367 [Ι]
330 1283 365 1344 et
390 1269 499 1342 libero
525 1269 794 1365 possidentibus,
819 1270 933 1344 nullus
961 1273 1099 1344 omuino
1126 1282 1305 1366 respectus
1322 1271 1364 1345 ad
1383 1273 1543 1369 aliquem,

17 1381 18 1388 ’
155 1378 222 1450 uisi
247 1373 291 1446 ad
316 1374 457 1444 maioris
484 1370 637 1446 ecclesie
661 1381 783 1452 nostre
810 1370 991 1466 capitulum
1017 1369 1191 1442 habeatur.

255 1471 365 1546 Huius
390 1475 443 1544 rei
468 1481 578 1546 testes
604 1470 650 1542 hii
677 1481 772 1544 suut:
812 1471 890 1542 Otto
925 1473 1035 1542 maior
1061 1479 1097 1542 et
1121 1473 1203 1544 noui
1229 1475 1429 1544 monasterii
1453 1497 1541 1568 pro-

154 1577 312 1670 positus,
337 1573 491 1644 Perseus
519 1571 691 1662 decanum,
730 1569 965 1644 Theodericus
991 1570 1195 1660 Flosculus,
1232 1569 1468 1644 Theodericus
1507 1577 1542 1646 iu

17 1655 19 1754 ζ
153 1675 283 1767 Hovgc
309 1674 531 1768 prepositus,
570 1671 745 1744 Amoldus
780 1675 814 1742 iu
850 1669 1118 1742 Houoldesbcch
1151 1674 1369 1767 prepositus,
1404 1671 1541 1768 Iringus

17 1797 19 1858 ς
154 1783 290 1864 cantor,
316 1771 512 1844 Goteiridus
538 1774 573 1843 iu
592 1769 811 1846 Muklrenstat
825 1773 1036 1866 prepositus,
1061 1769 1242 1844 Heinrious
1259 1781 1390 1863 custos,
1412 1773 1542 1863 Berno,

151 1872 372 1948 Eberhardus
407 1869 449 1942 de
487 1869 709 1959 Homhvrch,
742 1870 906 1944 Albertus
941 1869 983 1943 de
1016 1869 1242 1960 Wolthuseu,
1285 1865 1463 1946 ctaradus
1498 1873 1541 1948 de

152 1971 386 2070 Wincspercir
410 1974 578 2042 canonici.
628 1970 740 2043 Laici:
768 1969 963 2044 Gerhardus
988 1992 1107 2044 comes
1134 1970 1176 2044 de
1202 1971 1541 2062 Rieuekke,Hei11-

151 2079 246 2148 ricus
274 2073 317 2146 da
345 2070 589 2160 Stererrberch,
614 2068 804 2165 Nidungus,
830 2069 1033 2159 Waidebcr,
1058 2070 1241 2144 Heinrious
1268 2071 1310 2142 de
1326 2072 1540 2166 Theleheira,

150 2177 336 2250 Heinrious
351 2171 496 2267 dapifer,
520 2171 701 2244 Heinrious
728 2175 904 2267 pincerna,
930 2171 1158 2261 Helmericus,
1181 2170 1361 2246 Heinrious
1376 2177 1543 2266 magister

149 2269 1395 2462 idtdzititittaititditiaiitittisitisti,
1416 2273 1541 2464 itti]

149 2477 284 2564 Viuus,
324 2470 504 2545 Michahel.
568 2469 658 2542 Acta
706 2481 784 2544 suut
829 2471 895 2542 hec
938 2493 1027 2542 auno
1067 2474 1311 2544 iucarnationis
1370 2471 1540 2546 dominice

149 2577 208 2650 ii0·
227 2573 312 2647 00⁰·
330 2570 438 2661 Xll0·,
475 2569 671 2642 indictione.
686 2569 824 2654 xflna,
857 2593 951 2642 norro
986 2569 1151 2644 kalendas
1180 2569 1412 2665 Septembris,
1447 2595 1537 2644 anuo

150 2676 280 2748 domini
304 2673 495 2745 innocentii
521 2667 576 2742 lll.
627 2670 747 2744 xssllo·
794 2669 986 2766 imperante
1014 2673 1239 2744 serenissimo
1259 2667 1395 2742 domiuo
1413 2669 1539 2745 Ottone

149 2775 261 2866 uuo,
286 2773 455 2868 Boppoue
481 2769 577 2843 vrbis
603 2771 772 2865 prefecto,
801 2774 997 2866 episcoptus
1024 2774 1135 2844 nostri
1161 2791 1251 2842 auno
1278 2773 1408 2864 quinto.

286 2937 291 2948 ’
361 2917 523 3002 Appendet
545 2918 676 3001 sigillum
698 2915 815 2980 Ottonis
838 2921 973 2998 episcopi
996 2919 1107 2997 optime
1131 2921 1350 2980 conservatum.

743 3211 938 3287 CLXXXII.

734 3383 825 3448 Auno
850 3381 942 3448 1212.

153 3543 298 3641 Capituli
322 3544 463 3614 maioris
479 3539 651 3614 ecclesiae
674 3540 918 3629 testimouium,
945 3537 1035 3633 quod
1048 3537 1120 3610 Leo
1141 3537 1227 3608 civis
1242 3533 1534 3632 wirzeburgensis

152 3649 284 3720 rationo
309 3641 502 3733 bonorum,
537 3663 624 3736 quae
658 3659 735 3710 cum
767 3660 880 3710 uxore
907 3659 969 3710 sua
993 3636 1159 3710 Bertrade
1186 3639 1438 3732 conquisierat,
1471 3659 1535 3732 per

17 3769 18 3772 ¹
153 3743 275 3820 stauos
302 3741 498 3815 Heinricum
525 3749 561 3814 at
574 3737 810 3910 Marquarppp
824 3736 1078 3910 ddrpgptenuls
1095 3733 1347 3809 incommodum
1362 3737 1534 3809 sustinere

248 3967 276 4042 1.
302 3992 335 4044 n.
364 3991 393 4046 s.
420 3991 451 4042 e.
478 3971 501 4042 i.
528 3977 552 4040 t.
604 3964 706 4040 Otto
733 3965 789 4040 dei
803 3968 914 4061 gratia
927 3963 1222 4060 wirceburgensis
1248 3963 1400 4040 ecclesie
1425 3939 1536 4039 maior

152 4073 360 4169 prepositus,
383 4071 580 4149 Perseus
595 4067 744 4142 domnus
755 4069 996 4142 etuniuersum
1005 4065 1167 4240 oiusdopr⁴
1173 4065 1325 4206 ecclesio
1334 4064 1532 4162 collegium.
