3774 4728
913 471 1133 546 Monumenta

956 780 1103 854 ccxvi.

574 938 661 1002 Anno
687 933 789 1017 1229„
814 933 863 1001 14.
887 937 966 1017 Julii,
989 938 1167 1002 wirceburc
1189 942 1219 998 in
1244 937 1359 1020 capella
1376 937 1491 1018 palacii.

200 1176 205 1184 .
336 1113 550 1185 Hermannus
576 1109 829 1206 herbipolensis
858 1113 1040 1208 episcopus
1068 1120 1103 1181 et
1128 1114 1272 1183 comites
1300 1108 1342 1180 de
1369 1107 1519 1203 Otingen
1546 1107 1722 1184 cunradus

338 1223 372 1284 et
397 1211 615 1302 Ludewicus‚
641 1209 780 1304 fratres,
805 1232 844 1284 se
871 1213 1021 1282 invicem
1032 1213 1158 1303 juvare
1171 1213 1369 1306 promittunt
1385 1219 1504 1281 contra
1525 1208 1724 1304 quemlibet,

833 1313 976 1406 imperio
1005 1310 1082 1384 solo
1111 1309 1222 1384 salvo.

437 1461 468 1540 Ι.Ι
491 1487 525 1542 n.
551 1483 584 1555 p.
612 1482 643 1532 e.
669 1460 693 1532 i.
721 1481 753 1534 o.
781 1481 832 1554 sp.
861 1481 890 1534 s.
941 1457 1066 1530 Notum
1103 1462 1147 1532 sit
1172 1461 1352 1554 uniuersis„
1378 1457 1478 1532 buius
1511 1459 1637 1552 pagine
1663 1461 1725 1530 in-

338 1561 567 1659 spectoribus,
593 1560 684 1655 quod
709 1559 864 1634 dominm
890 1559 1166 1633 Hermannns
1193 1558 1446 1654 herbipolensis
1463 1557 1614 1634 ecclesie
1642 1561 1726 1652 epi-

338 1683 465 1758 scopus
491 1683 554 1756 pro
582 1683 622 1734 se
648 1670 683 1732 et
708 1662 780 1734 suis
802 1659 1064 1734 successoribus
1078 1657 1144 1730 fide
1165 1659 1241 1730 data
1256 1661 1412 1754 promisit
1428 1661 1548 1732 invare
1564 1659 1726 1730 comitem

340 1759 590 1836 Gunraduna
614 1759 656 1831 de
684 1759 880 1854 Otingen
905 1770 940 1832 et
965 1759 1105 1830 fratrem
1132 1759 1530 1834 suurnhudewicum
1554 1767 1726 1840 eteorum

339 1883 566 1936 successores
603 1859 693 1931 bona
726 1858 792 1930 fide
827 1881 889 1954 pro
926 1880 1033 1954 posse
1069 1870 1188 1932 contra
1215 1858 1425 1954 quemlibet,
1464 1861 1608 1953 imperio
1643 1857 1726 1931 selo

340 1961 449 2036 saluo.
502 1959 579 2033 Hoc
603 1958 693 2031 idem
727 1958 794 2030 ilde
825 1959 902 2030 data
926 1962 1157 2054 promiserunt
1191 1969 1227 2030 et
1261 1963 1450 2030 iuramento
1486 1961 1631 2053 prestito
1657 1955 1726 2028 iir-

338 2071 517 2132 manernnt
542 2061 680 2132 nomine
707 2058 843 2154 capituli
868 2057 1122 2154 herbipolensis
1150 2081 1190 2132 se
1217 2067 1416 2132 seruatores
1444 2068 1727 2153 etprometnr0s‚

339 2171 378 2234 vt
405 2163 587 2256 episcopus
616 2170 651 2231 et
675 2163 729 2232 sui
755 2181 980 2233 successores
1007 2157 1239 2230 inviolabiller
1274 2157 1459 2230 obsernent
1493 2156 1726 2230 Arnoldns

340 2261 511 2352 decanus,
548 2258 810 2330 Fridericus
837 2269 980 2348 cantor,
1014 2258 1255 2331 Heinricus
1281 2259 1517 2354 portenarius‚
1558 2261 1738 2350 magister.

341 2359 575 2434 Walterns
602 2357 968 2448 deTannenberc‚
993 2361 1131 2432 nomine
1152 2357 1565 2431 antemministerialium:
1593 2355 1726 2429 War-

340 2459 523 2533 mundus
550 2459 592 2531 de
616 2457 771 2547 Erlah,
796 2455 1039 2530 Richolius
1075 2457 1117 2528 de
1142 2455 1270 2548 nied,
1306 2457 1573 2530 Goteiridns
1601 2479 1727 2528 oame-

339 2563 473 2650 rarius‚
511 2557 802 2654 Marquardus
839 2556 1071 2654 Orphanus
1109 2557 1267 2631 similiter
1298 2555 1364 2629 lide
1398 2557 1494 2648 data,
1530 2559 1725 2630 iuramento

339 2646 496 2758 prestito,
522 2657 750 2730 firmauerunt.
802 2657 946 2753 insuper
983 2657 1091 2730 dictus
1131 2679 1249 2730 comes
1287 2657 1520 2729 Ganradns
1555 2667 1590 2728 et
1615 2657 1726 2729 irater

340 2781 422 2832 suus
449 2757 715 2830 Ludewicus
741 2759 879 2830 nomine
905 2760 1044 2853 proprio
1072 2765 1107 2827 et
1132 2777 1537 2847 snorumsuccessorum‚
1563 2755 1629 2829 fide
1646 2757 1726 2830 data

341 2869 375 2930 ct
400 2861 588 2930 iuramento
614 2861 757 2952 prestito
784 2861 1026 2952 promiserunt,
1053 2879 1093 2928 se
1120 2865 1154 2927 et
1180 2879 1263 2931 suos
1290 2877 1516 2932 successores
1544 2855 1723 2930 adiuturos

342 2957 513 3030 dominum
538 2957 831 3029 Hermannum
859 2960 1058 3053 episcopum
1083 2955 1361 3052 herbipolensem
1394 2969 1428 3029 et
1462 2979 1545 3030 suos
1572 2979 1723 3030 succes-

341 3077 443 3130 sores
469 3056 560 3130 bona
596 3055 662 3128 ilde
695 3077 758 3152 pro
793 3079 900 3154 posse
927 3068 1046 3129 contra
1073 3057 1278 3152 quemlibet,
1318 3061 1461 3154 imperio
1498 3057 1576 3130 solo
1611 3057 1723 3130 saluo.

340 3155 582 3232 Ministeriales
624 3157 732 3228 eciam
781 3179 864 3230 suos
914 3157 1046 3230 scilicet
1092 3155 1351 3229 Heinricnm
1399 3157 1441 3230 de
1487 3156 1724 3248 'lanbach

340 3255 647 3329 Eckehardnm
674 3255 715 3328 de
742 3255 918 3330 Wilero
947 3261 1138 3350 juniorem,
1177 3255 1423 3330 Onnradem
1460 3256 1647 3353 dapiferum
1680 3256 1725 3329 de

341 3355 653 3448 Rechonberc,
679 3355 928 3451 Gernngnm
950 3360 1123 3450 juniorem
1149 3353 1191 3428 de
1217 3357 1441 3453 Eringen‚
1475 3357 1577 3449 dicti,
1604 3379 1723 3430 comes

344 3467 379 3528 et
404 3457 513 3529 frater
538 3479 620 3532 suus
646 3454 1062 3550 ludewicus‚·1urare
1088 3455 1257 3548 fecerunt,
1283 3481 1323 3532 se
1338 3459 1725 3554 seruatnrospromissa

342 3566 378 3628 et
402 3567 642 3652 promoturus,
677 3566 713 3628 ut
750 3555 829 3629 dieti
856 3559 999 3631 comites
1035 3567 1069 3630 et
1108 3579 1226 3629 eorum
1261 3581 1487 3634 successores
1523 3557 1590 3629 hoc
1631 3556 1723 3630 idem

340 3655 586 3730 inviolabiliter
611 3655 807 3732 obseruent
857 3657 1021 3730 Preterea
1060 3655 1214 3732 dominus
1253 3662 1436 3756 episcopus
1469 3655 1723 3753 herbipolensis

341 3757 409 3826 iam
446 3756 620 3852 sepefatus
654 3779 718 3852 pro
760 3761 986 3853 septingentis
1029 3760 1152 3832 marcis
1197 3759 1361 3854 obligauit
1401 3759 1499 3834 dictis
1541 3757 1721 3832 comitibus

342 3853 508 3928 decimam
532 3859 568 3928 in
591 3855 933 3945 Frickenhusen
960 3861 994 3928 in
1019 3863 1186 3954 pignore,
1212 3883 1255 3931 eo
1280 3859 1403 3952 modo,
1437 3883 1503 3956 quo
1529 3867 1627 3952 pater
1652 3881 1723 3932 eo-

341 3954 483 4028 rundem
508 3959 668 4028 comitum
694 3955 816 4027 dictam
849 3955 1014 4028 decimam
1051 3957 1148 4030 titulo
1184 3961 1338 4055 pignoris
1371 3959 1532 4035 babuisse
1568 3963 1723 4032 noscitur

343 4051 538 4150 obligatam.
590 4055 769 4130 Adiectum
795 4057 903 4127 eciam
929 4053 1010 4147 fuit,
1046 4065 1080 4127 ut
1107 4060 1137 4128 si
1163 4059 1296 4152 prande
1322 4061 1510 4136 antedictus
1537 4061 1721 4155 episcopus
