3794 4722
188 475 192 482 ·
312 437 384 512 150
891 431 1108 506 Monumente

308 660 398 710 anno
425 636 593 708 dominice
620 633 860 706 incarnationis
880 627 1257 716 enormitatum,
1282 625 1468 699 indictione
1483 621 1581 713 Xll,
1598 643 1689 718 reg-

307 747 410 810 nante
444 737 592 808 Henrico
627 737 853 827 imperatore,
886 731 1035 804 Henrico
1071 733 1237 825 episcopo
1270 725 1486 822 presidente,
1522 722 1689 826 Bertoldo

309 840 434 909 comite
458 835 687 931 pretectorem
711 841 862 903 tenente.

519 1002 604 1076 Ouae
626 1007 656 1064 in
678 1001 736 1064 hoc
758 997 918 1082 diplomate
941 1017 1032 1080 super
1055 1003 1174 1062 testium
1198 996 1373 1060 nominebus
1395 995 1501 1058 litteris
1524 995 1689 1058 minoribus

519 1093 666 1170 impressa
679 1091 830 1169 apparent,
854 1083 958 1147 eadem
970 1103 1067 1163 manu,
1085 1101 1162 1164 quac
1179 1081 1305 1164 diploma
1318 1087 1445 1162 scripsit,
1462 1083 1596 1162 apposita
1612 1087 1689 1142 sunt.

521 1173 657 1257 Sigillum
688 1175 813 1233 ciuitatis
836 1171 985 1252 appendet
1011 1189 1051 1231 ex
1073 1165 1260 1248 membrana,
1295 1170 1456 1231 ecclesiam
1488 1165 1690 1228 cathedralem

519 1263 732 1340 representans
754 1273 822 1318 cum
844 1255 937 1318 tribus
959 1255 1090 1318 turribus
1112 1261 1143 1315 et
1164 1253 1266 1338 effigie
1288 1253 1317 1316 S.
1340 1253 1461 1327 lltliani3
1494 1255 1526 1312 tn
1556 1257 1690 1314 circum-

521 1349 681 1426 scriptione
703 1343 830 1426 legitur:
851 1339 1119 1422 „wtttctuvtttt‘t

520 1497 637 1562 Editum
659 1503 689 1561 in
711 1495 859 1582 Wegele:
888 1497 950 1562 Der
972 1495 1034 1560 ttot
1052 1514 1120 1558 zum
1145 1493 1256 1576 Gralen
1278 1493 1396 1596 Eclrard
1425 1513 1494 1578 pag.
1519 1487 1560 1556 24
1581 1491 1635 1556 Nm·
1658 1487 1689 1556 d.

949 1915 1059 1988 ctltt.

819 2117 907 2179 Auno
933 2111 1024 2178 1195.
1049 2113 1068 2174 7
1090 2114 1177 2176 lunii.

309 2299 503 2372 Celestinus
537 2322 623 2396 papa
655 2297 701 2371 Ill
734 2299 907 2373 ecclcsiae
940 2297 1214 2392 wirceburgensi
1256 2295 1429 2396 praeditum
1452 2299 1498 2372 ,in
1535 2293 1691 2371 Hocbein

651 2397 870 2495 [llochbeim]
898 2409 932 2472 et
957 2399 1137 2472 Hetenstat
1162 2395 1346 2470 confirmat.

409 2551 677 2627 Gelestinus
716 2558 921 2650 episcopus,
959 2577 1080 2626 seruus
1107 2575 1286 2627 seruorum
1313 2551 1379 2624 dei.
1429 2551 1572 2624 Dilectis
1599 2551 1689 2642 liliis,

309 2655 483 2726 canonicis
502 2652 795 2746 wirceburgensis
823 2655 973 2726 ecclesie
999 2653 1142 2726 salutem
1170 2659 1204 2725 et
1231 2653 1453 2748 apostolicam
1470 2651 1691 2724 benedictio-

307 2773 396 2824 nem.
449 2749 612 2822 Incumbit
638 2753 737 2825 nobis
765 2777 810 2825 ex
836 2753 950 2826 debito
977 2753 1179 2848 pontificalis
1207 2754 1321 2843 ollicii,
1347 2751 1436 2848 quod
1459 2755 1545 2824 iusta
1562 2761 1690 2848 peten-

309 2850 398 2924 tibus
426 2850 627 2924 eudientiam
655 2875 728 2924 cum
757 2853 908 2925 efficacia
933 2853 1148 2949 prebeamus,
1175 2857 1356 2948 presertim
1382 2849 1439 2923 ubi
1464 2873 1582 2924 eorum
1610 2863 1691 2926 uota

309 2961 344 3022 et
369 2954 478 3046 pietas
504 2949 649 3040 adiuuat,
676 2963 712 3024 et
735 2953 906 3049 explorati
931 2957 1015 3026 iuris
1042 2957 1169 3026 ueritas
1196 2976 1264 3026 non
1287 2953 1458 3047 relinquit.
1485 2951 1535 3022 Ea
1553 2964 1692 3050 propter

308 3049 423 3121 dilecti
446 3053 480 3122 in
498 3050 634 3122 domino
655 3050 726 3142 filii,
751 3057 878 3126 uestris
900 3055 998 3126 iustis
1020 3053 1177 3150 precibus
1195 3063 1396 3142 annuentes,
1422 3051 1574 3148 predium
1602 3052 1693 3151 quod

307 3149 440 3223 habetis
468 3154 502 3221 in
527 3150 728 3223 Hocbein
755 3161 789 3226 et
813 3154 1074 3244 Hetenstat,
1109 3157 1195 3226 sicut
1222 3157 1309 3226 iuste
1337 3173 1378 3224 ac
1403 3149 1544 3247 pacifice
1569 3157 1691 3247 possi-

308 3249 408 3341 detis,
434 3248 533 3324 uobis
560 3260 595 3322 et
619 3251 772 3328 ecclesio
798 3265 915 3326 uestre
942 3257 1144 3326 auctoritate
1172 3254 1361 3348 apostolica
1388 3249 1627 3325 confirmamus
1655 3262 1691 3326 ot

306 3353 476 3446 presentis
504 3353 621 3445 scripti
646 3356 835 3447 patrocinio
856 3359 1100 3428 conmunimus.
1153 3353 1244 3426 Nulli
1278 3375 1364 3447 ergo
1401 3356 1539 3424 omnino
1574 3353 1691 3425 homi-

305 3470 385 3522 num
409 3451 514 3522 liceat
539 3449 626 3522 hanc
650 3457 805 3547 paginam
833 3465 952 3526 nostre
974 3451 1239 3528 confirmationis
1256 3453 1455 3546 intringere,
1481 3453 1587 3524 nelei
1607 3475 1691 3525 ausu

306 3553 491 3622 temerario
528 3555 711 3625 contraire.
765 3553 803 3626 Si
839 3556 913 3650 quis
949 3565 1061 3626 autem
1098 3554 1165 3628 boc
1198 3560 1398 3648 attemptare
1431 3557 1691 3648 presumpserit,

305 3649 574 3744 indignationem
600 3655 841 3748 omnipotentis
875 3651 930 3724 dei
965 3665 1000 3724 et
1030 3647 1206 3726 beatdrum
1233 3653 1325 3725 Petri
1359 3663 1395 3724 et
1419 3651 1515 3723 Pauli
1542 3663 1690 3749 aposto·-

305 3749 418 3824 lorum
444 3753 532 3841 eins,
559 3773 599 3825 so
624 3757 760 3824 nouerit
787 3755 1011 3826 incursurum.

406 3851 527 3926 Datum
577 3849 735 3926 Laterani
779 3852 842 3925 Vll
883 3849 962 3924 Idus
1012 3853 1127 3941 lunii,
1177 3849 1390 3948 pontificatue
1437 3855 1547 3926 nostri
1601 3875 1690 3925 anno

306 3953 434 4046 qttinto.

323 4089 329 4103 ⁷
513 4117 673 4201 Appendet
692 4119 773 4182 bulla
794 4117 933 4202 plumbea
956 4117 1098 4186 celestini
1120 4141 1216 4205 papae
1238 4121 1294 4201 lll,
1324 4138 1364 4182 ex
1392 4119 1449 4182 litis
1481 4131 1588 4188 sericis
1610 4123 1693 4188 rubri

422 4245 425 4256 ·
516 4213 547 4266 et
567 4203 669 4268 viridis
691 4207 811 4270 coloris.
