3768 4728
762 358 765 372 '
891 353 1112 433 Monumenta

872 692 1112 770 CCLXXVlll.

889 897 977 958 Anno
1003 889 1094 959 1243.

298 1081 511 1156 Hermannus
537 1081 790 1178 herbipolensis
817 1085 1002 1179 episcopus
1028 1083 1116 1156 bona
1143 1087 1230 1156 intra
1258 1094 1292 1156 et
1319 1091 1417 1154 extra
1437 1079 1557 1154 'villam
1584 1081 1682 1155 Bur-

298 1193 422 1272 nestot‚
450 1207 536 1277 (puae
554 1185 682 1278 ,partim
710 1181 789 1255 Otto
816 1179 925 1258 fidelis
952 1206 1035 1258 suus
1062 1185 1104 1256 de
1129 1185 1325 1270 Burnestat,
1351 1186 1471 1278 partim
1488 1181 1548 1256 filii
1569 1181 1681 1255 bonae

297 1287 484 1354 memoriae
521 1281 881 1377 lilarqusrdi,·=patrui
921 1281 1082 1374 Ottonis,
1115 1283 1158 1356 ab
1185 1288 1384 1379 episcopatu
1410 1285 1548 1356 nomine
1585 1283 1680 1356 leodi

286 1375 536 1476 'po-sederant,
562 1381 693 1455 Alordo
719 1381 831 1453 abbati
858 1383 1068 1456 etlratribus
1085 1382 1244 1456 coenobii
1267 1384 1488 1455 eberacensis
1515 1404 1577 1478 pro
1593 1382 1680 1456 CCG

297 1489 419 1552 marris
449 1485 582 1572 irruenti
607 1480 736 1568 vendit,
763 1493 1009 1578 praetereaque
1033 1481 1130 1559 XVII
1156 1505 1260 1578 agros
1281 1483 1444 1556 *feodales
1470 1505 1489 1552 a
1514 1481 1677 1554 fratribus

294 1579 469 1672 Bernone,
497 1581 656 1656 lleiurieo
685 1593 719 1652 ct
746 1581 903 1654 Walters
931 1581 972 1654 dc
997 1582 1206 1656 Lindenloch
1233 1587 1266 1654 in
1293 1605 1411 1654 uranus
1447 1605 1526 1656 suas
1555 1585 1676 1676 resig-

654 1693 750 1752 natas
779 1679 979 1758 eberacensi
1006 1683 1178 1756 ecclesiae
1207 1683 1314 1756 tradit.

396 1849 432 1924 C.
485 1851 509 1924 l.
537 1874 570 1922 n.
598 1873 625 1923 s.
655 1875 684 1924 e.
713 1856 734 1924 i.
762 1863 784 1924 t.
838 1851 1116 1924 Hermannus
1157 1852 1354 1948 deigratia
1381 1849 1672 1946 wirceburgensis

254 1979 260 1990 ·
294 1950 445 2022 ecclesie
472 1954 665 2046 episcopus.
717 1953 893 2030 Poteslate
917 1964 1062 2042 nostra,
1097 1976 1195 2046 quam
1235 1953 1378 2046 largiori
1403 1975 1579 2026 munerum
1608 1953 1672 2025 deo

294 2072 368 2120 oum
403 2055 545 2144 gratiam
585 2055 720 2123 actione
758 2057 1064 2144 recognoscimus,
1108 2064 1200 2124 tanto
1244 2057 1368 2124 vtimur
1405 2052 1535 2146 absque
1576 2053 1673 2148 culpa

292 2159 416 2246 quanto
443 2173 518 2222 eam
545 2155 703 2246 personis
731 2153 977 2224 ecclesiasticis
1014 2164 1048 2222 ct
1088 2157 1234 2222 inanime
1271 2155 1352 2224 uiris
1387 2151 1596 2248 spiritalibus
1632 2176 1673 2224 ac

292 2249 428 2322 domino
454 2255 657 2347 propensius
683 2249 919 2324 famulantibus
945 2255 1144 2347 inpertimus
1170 2255 1266 2348 ipsos
1305 2273 1374 2324 non
1401 2251 1512 2323 solum
1540 2273 1557 2321 a
1586 2273 1672 2346 pre-

270 2349 443 2446 sentibus
482 2353 612 2425 iniuriis
651 2349 890 2441 defendendo,
930 2372 1047 2424 uerum
1089 2355 1189 2424 etiam
1228 2376 1247 2423 a
1286 2351 1406 2424 suturis
1448 2349 1599 2448 dampnis
1638 2362 1672 2424 et

290 2449 490 2546 calumpniis
516 2449 646 2524 eisdem
671 2451 929 2548 priuilegiorum
955 2449 1138 2524 munimine
1164 2449 1392 2546 precauendo.
1434 2449 1506 2538 Qua
1530 2461 1671 2546 propter

288 2552 516 2624 insinuatione
542 2555 751 2646 presentium
786 2551 827 2624 ad
862 2553 1021 2624 noticiam
1048 2553 1303 2624 transmittimus
1331 2551 1541 2638 futurorum,
1579 2550 1669 2647 quod

288 2671 354 2722 nos
381 2649 422 2721 ab
446 2651 610 2722 Ottone
635 2649 726 2722 fideli
751 2659 872 2722 nostro
900 2649 942 2720 de
967 2651 1212 2722 Burnestat
1249 2655 1361 2722 omnia
1386 2650 1474 2720 bona
1502 2653 1607 2746 ipsius
1634 2654 1668 2724 in

288 2748 534 2822 burncstat
560 2753 624 2824 sita
641 2753 900 2846 conparauimus
917 2771 979 2845 pro
993 2749 1087 2822 CXV
1102 2749 1200 2821 libris
1217 2749 1419 2821 ballensium
1436 2751 1668 2840 denariorum,

286 2845 408 2920 eodem
435 2847 595 2920 Ottone
621 2851 655 2922 in
682 2871 799 2922 manus
825 2855 962 2922 nostras
989 2849 1243 2936 estentona,
1284 2853 1361 2944 quia
1393 2848 1522 2921 feodali
1547 2853 1668 2923 iures

285 2945 384 3020 nobis
421 2951 471 3020 ea'
498 2947 722 3044 possederat,
756 2952 965 3042 resignante.
1017 2947 1089 3022 Nos
1131 2961 1242 3020 autem
1271 2959 1336 3021 tam
1365 2959 1552 3022 memorata
1576 2947 1667 3024 bona

286 3045 364 3118 dicti
391 3045 582 3139 Gitonis,
609 3071 708 3144 quam
734 3047 863 3145 reliqua
876 3047 966 3122 bona
981 3061 1101 3123 nostra
1126 3051 1160 3120 in
1176 3049 1435 3142 Burnestat‚
1461 3071 1527 3144 que
1550 3049 1666 3122 llar-

285 3146 475 3240 quurdus
512 3146 603 3220 bone
628 3153 815 3238 memorie,
854 3161 993 3245 patruus
1030 3149 1183 3222 eiusdem
1210 3149 1415 3238 Ottonis,
1450 3148 1665 3244 quondama

286 3244 385 3320 uobis
411 3245 556 3320 babebat
580 3250 615 3320 in
639 3248 806 3322 beneficio
833 3261 867 3322 ct
892 3250 992 3324 nobis
1020 3250 1131 3324 soluta
1157 3248 1310 3338 luerunt,
1346 3272 1421 3321 cum
1458 3253 1547 3322 enim
1573 3251 1663 3322 idem

283 3345 572 3440 lllarquardus
609 3349 938 3437 decederet,.duos
976 3349 1253 3422 Ludewicum
1290 3359 1325 3422 et
1357 3349 1663 3444 lllarquardum

284 3445 419 3540 reliquit
445 3447 604 3539 heredes,
629 3471 771 3545 quorum
797 3448 1066 3524 ludewicus
1093 3448 1136 3520 de
1163 3449 1226 3521 bac
1251 3449 1328 3520 luce
1355 3453 1520 3544 migrans,
1546 3449 1661 3522 lilar-

284 3545 477 3640 quardus
511 3571 598 3620 vcro
638 3550 758 3622 scculo
797 3553 1001 3621 renuncians
1037 3560 1072 3620 et
1098 3548 1139 3620 ud
1166 3548 1335 3643 hospitale
1363 3551 1471 3622 sancti
1496 3547 1660 3622 lobannis

283 3668 324 3718 se
349 3645 533 3732 conferens
560 3649 689 3744 prelata
726 3651 815 3720 bona
852 3673 912 3723 sua
947 3652 980 3721 in
1015 3649 1260 3721 Burnestat
1299 3649 1398 3720 nobis
1438 3659 1472 3720 et
1510 3649 1661 3722 ecclesie

281 3755 401 3818 nostre
426 3747 536 3820 libere
562 3749 781 3844 reliquerunt.
833 3749 906 3820 llec
932 3753 1064 3844 inquam
1104 3745 1310 3844 prelatorum
1336 3748 1587 3842 Marquardi
1626 3761 1660 3821 et

283 3843 460 3918 Ottonis
486 3846 597 3937 bona,
635 3872 701 3942 que
738 3848 779 3920 ad
817 3871 934 3920 manus
961 3861 1098 3921 nostras
1121 3847 1275 3940 legitime
1302 3847 1539 3936 deuenerunt,
1572 3853 1659 3921 intra

282 3943 401 4017 villam
428 3957 462 4018 et
488 3957 587 4021 extra
612 3949 743 4042 villam,
769 3953 803 4021 in
818 3951 922 4040 areis,
950 3953 1043 4044 agris
1059 3947 1159 4022 cultis
1179 3958 1213 4018 et
1231 3947 1379 4037 incultis,
1406 3952 1524 4043 pratis,
1550 3953 1658 4043 aquis,
