3836 4722
334 445 384 519 36
782 498 789 508 .
864 499 868 510 .
907 440 1125 520 becumene
1176 535 1181 544 Α
1274 535 1280 546 .

336 644 477 728 demetri
499 644 608 723 ,iuxta
641 639 828 737 apostolice
862 641 1118 722 aromomtieuis
1156 639 1307 711 institute
1340 637 1467 718 bonum
1509 639 1551 715 ad
1585 659 1707 716 cmm

339 746 496 840 operari,
522 743 671 816 maxim
695 749 807 815 eutem
834 739 877 811 ad
900 739 1109 816 domesticos
1135 736 1225 820 idei.
1272 737 1329 814 Ad
1352 742 1459 818 cuius
1492 749 1573 816 nn.
1592 749 1709 842 sancte

341 841 570 920 meditationis
583 839 743 914 meeum.
761 849 798 910 ut
821 837 976 934 largiflua
1000 835 1235 932 benignissimi
1260 842 1356 933 regis
1371 837 1709 916 munificentiecoun

339 944 434 1024 ierre
459 941 654 1035 dignaretur
687 939 863 1027 electrum,
901 941 1168 1014 statui.iuteri1n
1199 959 1263 1032 pro
1295 937 1433 1014 modulo
1459 961 1546 1012 ‚meo
1578 942 1711 1016 utinm

337 1046 404 1138 ipsi
441 1041 610 1115 bonorum
645 1039 802 1132 largitori
836 1038 981 1127 ollerre,
1010 1041 1171 1132 ,potinus
1204 1057 1266 1131 per
1305 1037 1367 1130 bec
1392 1032 1608 1140 promererer
1633 1041 1710 1134 ipso

338 1143 509 1236 largiente
547 1137 756 1234 largioribus
784 1136 904 1210 hostiis
936 1138 1056 1215 faciem
1092 1141 1165 1210 eius
1201 1136 1438 1220 honorasset
1462 1158 1526 1234 pro
1551 1137 1710 1216 exhibitis

339 1240 574 1332 misericordie
601 1237 762 1334 operibus
785 1236 1053 1310 misericordiam
1078 1235 1356 1313 misericordibus
1369 1243 1582 1332 promissam
1605 1242 1710 1314 iutro·

338 1345 426 1425 nire.
475 1339 532 1416 Ad
554 1339 824 1434 supplementum
849 1339 951 1429 igitur
978 1339 1073 1432 stipis
1099 1335 1278 1428 cottidiano
1301 1341 1475 1414 ccuouicis
1500 1341 1535 1412 in
1562 1337 1712 1430 ecclesie

338 1439 430 1526 boeti
448 1441 616 1536 ,martyris
642 1435 779 1532 Kyliuni
811 1435 876 1509 deo
909 1436 1136 1512 seruientibus
1171 1459 1242 1514 nou
1272 1435 1367 1532 quod
1397 1437 1490 1513 uolui
1522 1437 1588 1510 sed
1619 1431 1712 1533 qrrod

338 1541 441 1630 uolui,
466 1542 582 1612 curaui
607 1537 757 1627 edicere,
779 1545 817 1608 ut
840 1545 957 1631 preter
983 1535 1149 1631 stipendia
1174 1545 1252 1610 aute
1276 1557 1388 1611 meum
1412 1545 1546 1631 tempus
1569 1540 1710 1614 courtie-

338 1650 410 1714 tuta
442 1642 478 1717 in
501 1633 698 1722 ‚refectorio
738 1639 865 1731 puriter
896 1646 1081 1710 nascentes
1115 1637 1262 1731 propriis
1294 1634 1479 1732 sumptibus
1511 1641 1712 1716 necessarie

340 1741 475 1836 possint
507 1735 651 1815 uetere
669 1746 715 1814 et·
738 1745 806 1814 tum
844 1757 906 1830 pro
947 1739 1033 1810 meis
1066 1758 1163 1829 quem
1201 1737 1271 1810 suis
1305 1733 1713 1814 excessibus-refectioni

340 1859 522 1934 pauperum
548 1837 678 1930 largius
703 1838 907 1912 ministrare.
959 1834 1100 1918 Tradidi
1131 1855 1217 1929 ergo
1249 1837 1302 1909 eis
1340 1845 1376 1910 et
1395 1845 1567 1930 perpetuo,
1588 1841 1713 1932 possi·-

340 1937 484 2023 desdam
509 1935 669 2028 delegaui
692 1938 954 2031 possessionem
979 1937 1047 2006 mei
1072 1937 1175 2025 iuris,
1208 1955 1272 2029 que
1306 1933 1426 2009 dicitur
1452 1934 1715 2014 Cbnnedord

196 2093 199 2100 ,
341 2049 378 2110 et
403 2035 555 2134 predium
581 2033 892 2123 Gowenheim,
927 2033 1016 2126 quod
1049 2036 1214 2128 ecquislui
1238 2034 1384 2126 ecclesie
1408 2057 1483 2128 mee
1508 2057 1577 2131 pro,
1597 2036 1712 2113 tese-

341 2137 419 2226 ‚iicio
454 2135 670 2230 Sigelobi
707 2157 726 2204 a
759 2133 865 2209 milite
903 2155 980 2206 meo
1013 2133 1286 2208 Berehtoldo
1326 2133 1368 2206 de
1403 2135 1712 2224 Auedebesin,

343 2240 444 2315 situm
468 2238 503 2321 in
529 2257 619 2332 pago
639 2234 926 2326 Weringowi
957 2236 991 2306 iu
1018 2237 1177 2309 comitutu
1203 2233 1423 2314 Ouonradi
1450 2239 1603 2326 comitis,
1636 2254 1714 2310 eum

342 2339 519 2431 meneripiis
544 2345 582 2411 et
601 2332 768 2422 omuibus¹
785 2335 996 2429 pertinentiis
1022 2331 1269 2428 ipsius-siluis,
1294 2337 1420 2427 pratis,
1445 2337 1549 2426 areis,
1573 2339 1714 2410 cened-

341 2435 482 2524 onibus,
522 2433 785 2530 piscationibus,
811 2432 1034 2521 molendinis,
1060 2435 1168 2526 equis,
1194 2455 1354 2527 aprorum
1369 2431 1596 2525 decursibus,
1631 2439 1714 2526 riis,

345 2539 469 2624 inuiis,
496 2532 665 2622 exitibus,
692 2529 873 2619 reditibus,
908 2534 1047 2626 quesitis
1073 2555 1135 2604 scu
1160 2531 1366 2626 inquirendis
1392 2555 1552 2606 necnon
1578 2545 1612 2606 et
1638 2559 1713 2608 cum

342 2633 498 2707 omnibus
514 2630 723 2720 utilitatibus,
740 2653 802 2726 que
820 2631 862 2702 de
876 2641 992 2722 cetero
1013 2635 1204 2724 excogitari
1223 2643 1278 2702 aut
1297 2631 1483 2704 adiuueniri
1499 2646 1654 2729 possunt,
1678 2631 1715 2708 ut'

345 2733 486 2807 liberam
512 2730 656 2804 habeant
681 2731 875 2802 facultatem
900 2729 1070 2818 mutemli,
1098 2731 1312 2803 conmutandi
1337 2743 1372 2803 et
1395 2754 1458 2829 pro
1484 2755 1546 2806 sua
1570 2735 1715 2808 utilitate

343 2830 573 2930 dispensandi,
600 2835 651 2904 sic
676 2840 787 2902 umen
813 2839 848 2900 ut
874 2827 1103 2923 scottidienis
1129 2829 1303 2902 refectorii
1329 2829 1570 2906 refectionibus
1585 2833 1714 2908 reditus

343 2937 416 3008 eius
442 2955 511 3005 non
537 2929 794 3004 transferantur.
821 2929 978 3002 Prediunr
1004 2933 1137 3024 quoque
1164 2927 1447 3003 Gowenheirn
1474 2933 1601 3005 nullum
1626 2957 1714 3030 pre-

340 3040 395 3107 ter
419 3031 613 3129 principalis
640 3029 757 3104 altaris
783 3028 982 3102 aduocatum
1002 3027 1141 3120 ;hebeat,
1167 3031 1220 3101 cui
1245 3052 1307 3126 pro
1331 3035 1471 3104 seruitio
1499 3055 1562 3105 suo
1587 3057 1713 3108 nouem

341 3135 440 3205 uncie
466 3130 705 3228 persoluentur
732 3139 766 3202 et
791 3129 833 3201 ed
858 3133 996 3202 maioris
1023 3133 1172 3226 impense
1201 3127 1321 3204 damna
1345 3153 1554 3230 nequaquam
1577 3157 1714 3228 cogan-

340 3243 410 3306 tur:
456 3231 587 3328 Apices
612 3248 700 3324 ergo
713 3225 791 3302 bos
817 3223 919 3322 gestp'
947 3232 999 3300 roi
1023 3227 1153 3301 indices
1179 3229 1303 3326 placuit
1335 3229 1377 3302 ad
1401 3241 1616 3328 posterorum
1631 3241 1717 3308 'no-2

339 3327 445 3406 titium
481 3333 717 3402 mansmtttere·
747 3339 784 3400 et
817 3346 862 3401 ne
895 3328 972 3424 quid
1007 3326 1168 3424 deinceps
1202 3329 1476 3428 centradictionis
1510 3336 1545 3403 ln
1579 3333 1658 3405 bac·
1674 3356 1716 3407 re

341 3427 541 3519 sustineant
565 3431 782 3525 mpressione
797 3427 902 3521 sigilli
927 3431 1036 3500 nostrl
1061 3428 1366 3530 et'oonlirnatione
1380 3427 1488 3503 banni
1507 3434 1714 3529 episcopalis

340 3549 500 3606 necnon
526 3539 561 3602 et
585 3531 720 3600 testium
746 3527 937 3602 nominibus
963 3525 1161 3624 subscriptis
1184 3529 1371 3625 diligenter
1396 3551 1532 3603 cauere.
1558 3572 1562 3582 ·
1588 3534 1714 3608 Testes

344 3641 456 3719 autem
481 3629 515 3705 bi
541 3639 639 3716 sunt:
665 3627 748 3712 Otto
768 3631 975 3723 prepositus,
999 3613 1155 3703 ddelricb
1180 3628 1340 3719 decanus,
1368 3629 1483 3708 Wecil
1508 3635 1715 3732 propositus,

341 3725 437 3810 (lino
461 3728 658 3840 presbyter,
684 3727 781 3802 'iudo
806 3725 999 3825 presbyter,
1025 3725 1208 3823 Rdggerus
1231 3733 1438 3825 prepositus,
1462 3731 1582 3828 Boppo
1607 3755 1716 3828 pres·

339 3829 460 3928 bpter,
474 3827 660 3918 ‚udelricb,
686 3827 785 3920 Otto,
810 3825 1076 3920 Erebembrabt,
1101 3823 1247 3917 Oderat,
1279 3827 1483 3923 Reginbart,
1517 3831 1720 3926 Marcwurt,

341 3927 539 4024 Adalbrtbt,
561 3925 712 4018 Rieboll,
735 3927 934 4024 Eiupilburt,
960 3927 1065 4020 inne,
1090 3928 1194 4017 Bere,
1218 3927 1372 4020 Bernolt,
1396 3929 1530 4020 llerolt,
1546 3931 1724 4010 llicbulur..

351 4097 373 4122 ,,
440 4026 608 4146 botppst
624 4037 747 4118 ,esterp
770 4025 832 4121 bpe
846 4027 990 4104 ⁴traditio
1013 4031 1051 4102 in
1078 4027 1423 4144 ecelesiaxssnctiet
1443 4029 1534 4106 boati
1554 4035 1721 4130 marm
1745 4039 1752 4048 “
