3776 4730
903 472 1122 554 Monumenta

905 795 1121 894 auxum.

675 1013 765 1084 Anne
790 1016 894 1102 1279„
918 1014 966 1082 16.
989 1019 1176 1100 Decembris,
1199 1018 1360 1103 Herbipoll.

328 1205 538 1296 llerloldus‚
563 1179 815 1302 herbipolensis
843 1209 1048 1304 episcopus,
1081 1209 1208 1279 curiam
1234 1205 1400 1278 Eriderici
1432 1203 1513 1276 dicti
1545 1203 1710 1293 Zolnere,

330 1307 417 1382 cluis
442 1305 762 1402 babenbergensis,
788 1309 887 1386 sitam
912 1312 947 1380 iu
972 1303 1234 1380 Vriolreubuseu
1262 1306 1304 1378 ab
1331 1308 1422 1378 omni
1447 1309 1522 1378 iure
1549 1305 1711 1380 advoca-

520 1408 644 1500 tionis,
670 1429 854 1501 censuum,
880 1407 1086 1480 decimarum
1112 1417 1148 1480 et
1173 1407 1332 1481 serviciis
1357 1404 1515 1480 absolvit

430 1575 678 1650 Bertoldos
705 1577 760 1650 dei
787 1581 904 1674 gracia
930 1575 1182 1674 herbipolensis
1210 1575 1558 1674 ecclesiecpiscopus
1586 1587 1712 1650 tenore

328 1681 538 1776 presentium
563 1679 848 1772 recognoscimus
873 1681 1045 1751 uniuersis
1083 1685 1149 1748 tam
1187 1675 1403 1772 presentibus
1441 1701 1539 1774 quam
1573 1677 1712 1768 laturis,

331 1776 421 1872 quod
445 1799 510 1851 nos
536 1776 696 1852 uolentes
723 1781 843 1850 merita
868 1775 1095 1850 Friderici
1122 1776 1199 1847 dicti
1226 1775 1435 1869 Zolnere,
1462 1781 1546 1850 ciuis
1572 1777 1710 1850 babem-

329 1877 529 1970 bergensis,
555 1879 611 1971 apri
638 1899 679 1951 se
704 1899 841 1974 semper
866 1879 995 1952 nostris
1022 1875 1196 1969 obsequiis
1222 1881 1445 1976 manciparit,
1469 1889 1568 1973 grato
1595 1881 1710 1950 animo

330 1986 467 2068 ratden,
493 1997 621 2048 curram
648 1985 746 2051 srtam
771 1999 806 2049 m
832 1973 1191 2070 Vriclrenlruseu‚
1217 1999 1316 2072 quam
1341 1981 1416 2074 ipse
1436 1977 1710 2052 Fridericus

332 2085 368 2148 et
393 2079 447 2151 sui
472 2079 716 2171 progenitores
742 2075 856 2152 multis
881 2073 1090 2174 temporibus
1117 2077 1365 2172 possederunt,
1402 2081 1437 2150 in
1474 2101 1539 2174 qua
1575 2078 1712 2174 quidem

331 2177 426 2248 cuma
451 2178 504 2250 ius
531 2175 772 2250 aduocacionis
809 2198 874 2250 nos
917 2188 952 2248 et
987 2179 1097 2250 nostri
1122 2175 1393 2272 predecessores
1431 2177 1632 2268 habuerunt,
1666 2177 1710 2250 de

330 2275 506 2349 uoluntate
545 2287 579 2349 et
612 2297 782 2373 expresso
809 2299 983 2355 consenso
1018 2273 1158 2373 capituli
1192 2278 1343 2352 ecclesie
1382 2287 1501 2353 nostre
1536 2276 1578 2352 ub
1618 2279 1712 2352 omui

332 2397 441 2449 onere
466 2375 713 2470 aduocationis,
739 2399 923 2470 censuum,
959 2375 1166 2450 decimarum
1200 2387 1235 2450 et
1260 2379 1418 2452 seruiciis
1444 2378 1712 2476 quibuscumque

331 2474 541 2552 absoluimos
568 2489 602 2551 et
627 2499 688 2576 per
706 2489 892 2650 ¹presentes
927 2477 1099 2552 reddimus
1126 2475 1338 2570 absolutam,
1370 2481 1610 2552 renunciantes
1645 2501 1710 2574 pro

331 2576 432 2651 nobis
459 2585 493 2650 et
519 2599 704 2652 successor
740 2601 780 2653 us
805 2580 935 2654 uostris
969 2577 1012 2652 de
1038 2597 1211 2651 consensu
1250 2577 1387 2674 capituli
1420 2581 1529 2652 nostri
1567 2575 1713 2675 predicti

329 2681 398 2772 jori
423 2676 659 2751 obsecutionis
685 2681 875 2754 exactionis
904 2689 938 2751 et
965 2680 1056 2751 omni
1068 2679 1150 2772 juri,
1175 2675 1265 2772 quod
1279 2677 1379 2752 nobis
1394 2687 1428 2752 et
1449 2675 1712 2753 successoribus

333 2779 462 2851 nostris
489 2780 523 2850 iu
549 2778 681 2874 prelata
706 2783 800 2851 curia
825 2791 860 2852 et
885 2779 984 2853 bonis
1013 2775 1124 2851 eldam
1150 2775 1366 2853 attinentibus
1382 2775 1546 2853 hacteuus
1564 2801 1712 2874 compe-

206 2873 208 2881 ’
333 2875 428 2950 tebat
453 2887 488 2949 et
512 2877 688 2970 volentes,
713 2890 751 2952 vt
776 2879 865 2950 idem
891 2877 1180 2970 Fridericus,
1218 2881 1270 2952 sui
1310 2878 1458 2954 heredes
1493 2890 1529 2952 et
1561 2901 1712 2953 succes·-

335 2999 436 3052 sorcs
462 2989 684 3051 memoratam
710 2983 836 3051 curiam
863 2999 938 3051 cum
973 2980 1091 3074 agris,
1131 2979 1244 3052 uineis
1285 2977 1428 3074 aliisque
1466 2977 1566 3054 bonis
1601 2977 1713 3052 eidem

335 3075 553 3152 attinentibus
592 3077 633 3150 nb
672 3082 764 3152 carui
807 3084 1048 3174 angariarum,
1088 3081 1367 3174 perangariarum
1406 3090 1440 3152 ct
1485 3078 1713 3176 quorumlibet

335 3175 480 3250 aliorum
506 3182 730 3254 seruiciorom
757 3201 864 3252 onere
890 3190 1027 3254 teneant
1051 3177 1193 3252 liberam
1220 3189 1255 3251 et
1280 3177 1483 3272 absolutam,
1509 3234 1663 3252 .....
1683 3177 1712 3271 ¹)

335 3277 546 3375 Frideri[cus
581 3290 616 3352 et
642 3279 710 3375 sui]
731 3276 758 3373 ¹)
796 3277 942 3355 heredes
969 3277 1135 3453 ppustJodi
1155 3275 1183 3372 ¹)
1209 3277 1361 3352 ecclesie
1386 3290 1526 3370 nostre,
1559 3283 1616 3374 qui
1648 3302 1712 3376 pro

336 3389 492 3476 tempore
517 3377 632 3472 luerit,
658 3377 699 3452 ad
726 3377 834 3454 altare
859 3379 950 3454 beati
1003 3379 1107 3477 yliani
1134 3399 1199 3451 sex
1214 3369 1320 3452 libras
1345 3401 1426 3454 cere
1440 3379 1586 3474 siugulis
1614 3382 1710 3453 annis

336 3483 371 3552 in
396 3479 487 3554 desto
513 3479 603 3552 beati
627 3479 763 3554 Martini
788 3483 963 3577 pensionis
989 3483 1126 3553 nomine
1153 3477 1293 3552 soluere
1319 3489 1507 3552 teneantur.
1543 3478 1710 3552 Volumus

338 3583 459 3672 eciam,
485 3591 523 3654 vt
549 3580 742 3677 sepedictus
766 3579 1028 3655 Fridericus
1055 3588 1089 3652 et
1115 3581 1168 3651 sui
1182 3577 1330 3653 heredes
1345 3578 1469 3676 aliique
1484 3601 1711 3674 possessores

338 3679 504 3774 prelibata
529 3685 622 3754 curie
657 3681 765 3756 solius
793 3737 825 3754 ..
858 3679 1009 3756 custodis
1043 3678 1194 3754 ecclesia
1226 3691 1346 3754 nostre
1378 3679 1589 3756 iurisdiciooi
1625 3677 1712 3754 sub-

339 3783 484 3872 iaceant,
509 3801 607 3874 quem
624 3783 675 3855 eis
688 3781 836 3874 judicem
852 3781 1063 3877 deputamus,
1087 3799 1155 3852 nec
1168 3776 1210 3850 ad
1224 3800 1303 3870 nos,
1316 3791 1372 3852 aut
1387 3779 1555 3853 olliciatos
1572 3790 1712 3852 nostros

340 3899 443 3951 causa
475 3879 662 3954 exercendi
694 3881 812 3976 judicii
848 3884 982 3953 ratione
1015 3887 1204 3951 memorate
1242 3883 1337 3951 curie
1373 3891 1551 3976 respectus
1591 3879 1712 3974 aliquis

340 3974 511 4050 habeatur.
564 3975 602 4054 ln
628 3985 723 4057 cuius
736 3985 789 4054 rei
803 3983 1031 4056 testimonium
1050 3989 1231 4076 presentes
1247 3977 1378 4053 litteras
1394 3979 1510 4052 damas
1526 3978 1715 4069 Friderico,

342 4076 416 4152 eius
448 4076 650 4174 heredibus,
684 4084 823 4178 suisque
859 4077 1119 4160 successoribus
1143 4075 1310 4176 prelatis,
1342 4089 1462 4155 nostro
1497 4089 1532 4152 et
1555 4079 1715 4154 antedicti
