3794 4722
346 449 395 524 92
781 499 784 506 -
927 449 1145 521 Monumenta
1272 447 1299 534 J

346 651 524 745 paruitatis
543 643 572 740 2)
599 646 777 740 dignanter
804 645 991 720 ordinando
1016 646 1216 734 ministeria,
1242 647 1279 718 nt'
1306 645 1418 741 aliqua
1445 647 1596 719 ecclesie
1609 643 1741 721 nosue

348 747 523 819 conferret
548 745 672 818 solacii
697 747 879 840 refrigeria
906 767 1010 842 super
1035 749 1234 818 imminente
1259 744 1325 818 sibi
1349 749 1416 817 iam
1440 745 1497 818 dtu
1523 767 1586 820 sue
1599 766 1734 821 neces·

348 849 458 920 sitatis
484 847 633 916 miseria.
688 845 821 917 Golleta
847 849 962 940 utique
976 845 1127 916 ecclesia
1144 849 1256 917 nostrl
1271 843 1401 918 laboris
1417 844 1592 939 diligentia
1608 849 1736 918 comite

346 945 471 1016 litteris
498 943 600 1037 digna
626 944 782 1016 duximus
809 948 964 1016 annotari
998 944 1101 1036 digne
1135 955 1319 1016 censentes
1354 966 1396 1014 ea
1428 955 1549 1016 nostre
1575 948 1735 1016 auctori-

348 1047 428 1114 tatis
455 1045 619 1136 sullragio
647 1043 902 1116 corroboranda
928 1047 1138 1116 conseruari.
1190 1043 1290 1114 Vnde
1313 1053 1430 1114 notum
1464 1065 1548 1116 asse
1573 1043 1734 1118 uolumus

347 1146 563 1216 uniuersitati
603 1152 671 1213 tam
704 1145 912 1237 presentium
1001 1163 1055 1212 em
1094 1141 1372 1236 subsequentium
1403 1141 1532 1215 Ghnsti
1570 1139 1736 1234 fidelium,

348 1241 598 1338 quodquidam
624 1238 797 1330 nobilis³l
823 1241 926 1313 homo
984 1243 1132 1314 einricus
1165 1241 1209 1312 de
1243 1234 1358 1312 Lriden
1393 1263 1457 1315 aue
1489 1251 1525 1312 et
1556 1251 1736 1336 parentum

348 1361 489 1416 suorum
513 1343 729 1436 prospiciens
757 1340 870 1430 saluti,
897 1357 958 1413 saa
982 1343 1156 1413 interesse
1182 1343 1375 1430 estimauit,
1412 1350 1451 1411 ut
1486 1339 1552 1412 sibi
1585 1339 1738 1434 eligeret

348 1443 507 1516 saniores
529 1439 557 1532 ⁴)
584 1459 646 1510 sue
671 1437 869 1514 hereditatis
887 1460 1126 1529 successores,
1153 1438 1252 1510 deum
1269 1439 1403 1512 scilicet
1428 1449 1464 1509 et
1477 1449 1618 1512 sanctos
1645 1441 1737 1531 eius,

346 1539 442 1613 felici
468 1537 533 1610 sibi
558 1550 837 1612 conmerceturus
863 1541 1107 1628 mercimonio,
1139 1537 1230 1632 quod
1254 1536 1390 1610 felicius
1416 1537 1620 1632 duplicatum
1645 1559 1736 1634 par·-

347 1637 451 1710 henni
478 1635 675 1732 possideret
692 1635 722 1729 ⁵)
746 1641 962 1734 patrimonio.
1015 1637 1273 1710 Communicatc
1298 1639 1412 1730 itaque
1427 1657 1567 1711 suorum
1585 1637 1737 1711 consilio

347 1746 383 1809 et
407 1739 511 1809 totius
538 1746 741 1826 conuentus,
766 1747 835 1808 tam
861 1737 1066 1808 clericorum
1092 1758 1191 1831 mrem
1213 1736 1380 1808 laicorum
1394 1738 1546 1807 unanimi
1559 1757 1738 1810 consensu

346 1835 465 1932 predia
492 1857 574 1924 sua,
613 1844 745 1929 partem
770 1834 932 1907 uidelicet
965 1857 1061 1910 suam
1097 1837 1201 1907 castri
1233 1834 1324 1906 illius
1349 1831 1498 1907 Iliaden
1523 1845 1559 1906 et
1585 1845 1737 1908 castrum

346 1935 431 2007 illud
455 1931 706 2006 Dietelrurc
730 1955 806 2005 cum
830 1932 1021 2006 hominihus
1056 1944 1091 2006 et
1123 1933 1262 2004 illorum
1287 1931 1414 2028 prediis
1440 1933 1632 2028 ubicunque
1657 1936 1737 2008 sitis

348 2044 384 2106 et
410 2031 567 2106 omnibus
593 2031 801 2128 appendiciis
829 2043 864 2104 et
887 2033 1061 2127 tercia[m]
1087 2033 1253 2128 parte[m]
1281 2031 1416 2128 capelle
1440 2035 1476 2104 in
1500 2031 1735 2126 Mergent-

346 2131 466 2204 heim
495 2153 598 2228 super
623 2132 787 2226 reliquias
810 2134 963 2227 preciosi
987 2134 1135 2204 mertinis
1160 2131 1311 2226 Kyllani,
1337 2130 1404 2202 deo
1431 2141 1466 2202 et
1491 2141 1612 2203 sancte
1624 2130 1738 2204 Maria

348 2239 384 2303 et
410 2241 529 2304 sancto
555 2230 705 2327 Kyliauo
730 2230 877 2304 deuotus
904 2229 1025 2302 obtulit
1050 2240 1085 2302 et
1110 2231 1263 2322 legitime
1280 2228 1439 2322 delegata
1464 2228 1561 2301 nullo
1588 2239 1766 2302 contra-·

347 2329 484 2402 dicente
512 2327 735 2418 contradidit,
762 2331 859 2402 salua
885 2340 921 2401 et
946 2351 1116 2402 concessa
1152 2330 1278 2423 optima
1302 2327 1573 2401 ministerialium
1598 2331 1739 2402 iusticia

346 2429 539 2502 hominibus
564 2427 764 2502 militaribus
791 2427 834 2500 ad
865 2427 1013 2501 officium
1046 2431 1210 2522 pincerne
1236 2426 1447 2517 cenuaditis,
1480 2430 1607 2500 ceteris
1640 2431 1739 2500 iuxta

347 2551 411 2602 sue
439 2540 596 2600 tenorem
621 2527 839 2616 conditionis,
865 2530 1051 2615 itatamen,
1076 2526 1166 2620 quod
1190 2526 1276 2597 nulli
1299 2548 1454 2620 umquam
1481 2523 1649 2598 aduocato
1664 2525 1738 2598 ob-

347 2629 446 2700 noxii
472 2635 654 2698 teneantur
680 2625 722 2696 ad
748 2624 946 2698 deuitandas
972 2627 1094 2696 nimias
1111 2623 1140 2716 6)
1167 2623 1411 2697 aduocatorum
1437 2629 1640 2700 exactiones
1667 2647 1739 2698 nco

346 2725 410 2797 ulli
434 2745 593 2818 umquam
630 2725 699 2795 nisi
725 2721 790 2796 deo
829 2733 864 2795 et
890 2733 1009 2797 sancte
1034 2723 1142 2796 Marie
1178 2733 1213 2794 et
1238 2733 1358 2795 sancto
1383 2722 1531 2820 Kyllene
1566 2733 1601 2795 et
1633 2723 1737 2796 nobis

348 2833 384 2894 et
411 2825 609 2896 successori
635 2831 757 2896 nostro
793 2826 926 2894 seruire
959 2822 1207 2918 conpellantur.
1259 2823 1334 2909 Quo
1370 2819 1462 2893 iacto
1498 2826 1738 2918 prenominata

346 2919 437 2992 bona
464 2919 529 2994 sibi
556 2921 598 2991 ad
624 2919 784 2992 utendum
810 2943 918 3015 usque
940 2919 969 3014 7)
996 2921 1038 2992 ad
1062 2924 1240 2993 terminum
1272 2923 1343 2991 uite
1382 2930 1596 2992 auctentum
1621 2923 1736 2992 remi-

348 3022 472 3108 simus,
499 3029 534 3090 et
558 3023 632 3090 iure
658 3017 816 3091 beneficii
842 3023 988 3114 quinque
1024 3020 1153 3092 talenta
1177 3018 1473 3113 wirzeburgensis
1499 3029 1641 3092 monete
1665 3042 1736 3091 an-

347 3121 474 3190 nuatim
499 3118 535 3188 in
559 3117 651 3192 leste
680 3121 789 3191 sancti
814 3118 949 3190 Martini
976 3120 1009 3190 ai
1035 3117 1267 3213 persoluenda
1293 3121 1529 3192 concessimus
1565 3117 1608 3188 de
1642 3122 1738 3190 curia

346 3226 467 3290 nostra
493 3215 838 3290 Frichenhusen
870 3219 917 3287 ita
950 3215 1041 3312 quod
1075 3217 1151 3288 data
1177 3214 1276 3288 nohis
1302 3217 1360 3289 uel
1387 3220 1585 3290 successori
1610 3225 1737 3291 nostro

347 3315 627 3411 quandocumque
659 3319 824 3411 temporis
864 3319 1094 3411 oportunitate
1129 3314 1333 3386 benciicium
1369 3313 1453 3385 illud
1495 3314 1559 3387 eibi
1597 3315 1737 3389 aliunde

347 3412 614 3488 restaurabimus
649 3424 705 3484 aut
738 3415 977 3509 quoquomodo
1013 3416 1251 3486 conuentionis
1291 3416 1449 3508 empticie
1467 3411 1498 3508 8)
1533 3413 1621 3510 apud
1656 3437 1737 3492 eum

349 3512 641 3586 commutabimus.
679 3511 778 3600 Quod
804 3535 845 3584 ea
866 3513 1116 3608 legeiecimus,
1141 3522 1177 3582 ut
1202 3511 1284 3583 nihil
1308 3509 1537 3608 predictorum
1564 3511 1735 3586 bonorum

346 3611 512 3702 uendere,
539 3611 668 3683 donare
695 3621 751 3682 aut
776 3611 1015 3706 quoquomodo
1044 3612 1195 3684 alienare
1228 3609 1287 3681 uel
1320 3609 1362 3681 ad
1395 3611 1525 3706 aliquas
1561 3633 1735 3707 personas

348 3711 414 3786 sibi
447 3714 521 3782 iure
561 3709 768 3782 hereditario
805 3715 1036 3784 transmittere
1054 3708 1084 3804 ⁹)
1122 3709 1236 3782 liceat.
1303 3709 1371 3783 Pro
1409 3715 1504 3783 cuius
1538 3709 1736 3786 donationis

346 3809 478 3882 robore
502 3813 536 3880 in
561 3817 761 3904 perpetuum
787 3810 933 3882 ualituro
958 3813 1130 3907 presentis
1155 3811 1273 3904 scripti
1305 3811 1462 3904 paginam
1489 3809 1596 3903 sigilli
1621 3816 1737 3886 nostri

346 3909 589 4006 impressione,
613 3917 650 3978 nt
665 3907 753 3978 inira
768 3917 872 4004 patet,
899 3913 1067 4003 signatam
1084 3918 1119 3978 et
1134 3906 1282 4004 ydoneis
1297 3907 1442 3982 testibus
1456 3909 1734 4003 corroboratam,

348 4009 482 4104 siquis
515 4009 550 4078 in
586 4015 761 4102 posterum
801 4018 875 4080 arte
910 4009 968 4081 uel
1004 4007 1145 4078 alicuius
1178 4009 1309 4100 ingenii
1344 4007 1428 4081 dolo
1462 4007 1652 4103 iufringere
1677 4012 1739 4084 uel
