3774 4728
570 485 788 582 episcopatus
816 483 1109 588 wirsiburgensis.
1378 488 1381 497 ’
1461 486 1546 560 419·

156 686 270 778 etqui
296 686 362 756 iam
389 679 550 756 absentes
578 695 668 773 sunt,
694 682 827 780 quando
854 683 1019 758 redierint
1045 696 1079 756 et
1104 689 1160 781 qui
1184 683 1343 759 ‘ammodo
1371 687 1413 760 ad
1433 693 1532 786 capi-

155 782 257 856 tulum
284 786 512 880 recipiuntur,
547 783 701 857 iurabant
728 795 762 856 et
788 785 973 858 seruabunt
998 785 1139 858 iormam
1167 797 1389 882 prenotatam.
1442 788 1537 876 Que‘

155 906 285 978 cunque
310 905 398 956 vero
425 881 577 956 rebelles
610 885 755 975 fuerint,
790 909 810 957 a
844 885 1000 958 fratrum
1019 889 1203 960 consortio¹
1223 890 1291 960 sint
1316 889 1428 960 eiecti.
1480 889 1532 962 Ne

156 993 264 1056 autem
291 1005 395 1080 super
421 982 611 1056 huiusmodi
638 985 852 1060 ordinatione
866 995 984 1058 nostra
997 989 1032 1058 in
1046 997 1220 1082 posterum
1240 985 1374 1058 dubium
1392 988 1532 1080 oriatur,

154 1093 348 1178 presentem
374 1085 531 1178 paginam
557 1083 729 1156 conscribi
755 1083 898 1160 fecimus
925 1096 961 1158 et
986 1085 1092 1180 sigilli
1118 1085 1254 1182 capituli
1279 1091 1389 1160 nostri
1415 1091 1531 1160 muni-

153 1185 242 1358 pinp
267 1181 468 1355 dilidgencius
485 1183 651 1258 roborari.
678 1186 765 1258 Acta
780 1197 857 1260 sumt
869 1185 934 1259 hec
949 1207 1038 1260 anno
1055 1186 1181 1261 demini
1193 1185 1251 1260 lll0·
1268 1184 1350 1259 00(λ
1368 1185 1531 1280 exulto,

185 1337 193 1354 .
243 1283 320 1358 alen
344 1307 382 1356 as
407 1283 508 1356 lunii.

232 1485 237 1494 ’
361 1481 497 1568 Sigillum
519 1484 638 1567 capituli
661 1487 781 1549 maioris
806 1487 964 1569 appendet.

366 1591 393 1674 ¹)
416 1594 523 1660 Charta
544 1595 594 1660 hle
615 1595 765 1680 perdurata
787 1603 845 1664 est.

744 1937 945 2016 ccclxiii.

600 2139 688 2204 Anno
713 2135 822 2213 lael,
844 2138 895 2206 21.
917 2139 997 2206 dulit.

152 2321 285 2418 lringus
320 2323 573 2421 herbipolensis
607 2327 790 2422 episcopus
825 2325 987 2400 decimam
1016 2331 1048 2400 in
1075 2327 1278 2416 Wulorthe,
1314 2351 1379 2422 qua
1404 2327 1530 2402 blane-

154 2425 277 2518 goldus
305 2447 422 2498 comes
450 2424 491 2498 de
517 2425 696 2521 Wilperch
724 2425 765 2496 ab
792 2427 941 2498 ecclesia
969 2425 1202 2524 herbipolensi
1224 2427 1416 2500 infeodatos
1443 2438 1530 2518 erat,

152 2524 463 2598 sanctimonialibus
490 2529 523 2596 in
548 2525 841 2621 lllarpurgehusen
868 2529 901 2598 in
927 2531 1169 2622 proprietatem
1195 2525 1270 2618 det,
1297 2529 1468 2622 accipiens
1494 2529 1553 2598 in·

150 2636 339 2700 restaurem
366 2649 385 2696 a
412 2624 501 2697 dicto
529 2629 654 2698 comite
682 2629 923 2722 proprietatem
951 2631 1024 2698 eius
1051 2631 1085 2699 in
1110 2625 1341 2721 llagenbuch,
1375 2624 1417 2697 ab
1453 2628 1528 2724 ipso

399 2728 524 2800 comite
549 2726 630 2799 loco
657 2726 809 2799 decimae
835 2729 869 2798 in
894 2726 997 2801 leode
1024 2725 1278 2822 possidendam.

206 2925 208 2930 ·
277 2893 435 2979 iringus
459 2893 506 2958 dei
530 2902 632 2980 gracia
654 2895 874 2978 herbipolensis
898 2901 1068 2979 episcopus.
1112 2895 1255 2960 Nouerint
1287 2899 1418 2959 uniuersi
1439 2893 1527 2958 huius

17 3010 24 3028 ι
150 2985 259 3066 pagine
301 2986 509 3064 inspectores,
546 2981 647 3064 quod,
692 3001 759 3046 cum
803 2987 848 3045 vir
891 2981 996 3046 nobilis
1037 2981 1297 3067 Manegoldus
1342 2999 1445 3044 comes
1490 2979 1528 3042 de

151 3067 371 3148 wilperch,
407 3066 506 3140 habito
543 3067 721 3132 venditionis
757 3075 883 3132 tractatu
920 3087 987 3132 cum
1024 3070 1174 3132 abbatissa
1197 3065 1267 3145 ..¹)
1313 3073 1342 3129 et
1378 3073 1528 3130 conuentu

2 3237 3 3252 χ
65 3211 68 3217 .
151 3154 413 3217 sanctimonialium
456 3159 485 3215 in
529 3153 863 3239 hlarpurgebnscn
907 3154 945 3216 do
982 3155 1095 3218 decima
1133 3161 1164 3218 in
1204 3153 1432 3231 Wrilurthe,
1470 3171 1527 3234 qna

149 3245 214 3322 ipse
236 3256 339 3302 comes
362 3239 398 3302 ab
421 3241 552 3302 ecclesia
574 3247 676 3304 nostra
698 3239 868 3304 infeodatos
893 3241 1007 3320 iuerat,
1035 3247 1167 3324 acceptis
1191 3241 1227 3304 ab
1248 3245 1343 3322 ipsis,
1378 3237 1528 3302 abbatissa

151 3333 180 3388 et
203 3332 373 3402 conuentu,
407 3325 600 3409 quadraginta
624 3331 756 3408 quinque
779 3331 885 3390 marcis
907 3331 1040 3409 argenti,
1073 3331 1166 3408 ipsam
1189 3325 1333 3390 decimam
1365 3329 1395 3386 ln
1419 3329 1529 3388 nostris

149 3409 285 3474 manibus
308 3415 483 3494 resignauit,
506 3413 686 3492 supplicans,
710 3420 741 3474 ut
764 3419 885 3494 accepta
909 3411 945 3472 ab
967 3416 1033 3492 ipse
1049 3417 1229 3494 proprietate
1251 3431 1306 3474 sua
1327 3415 1356 3472 in
1373 3409 1527 3494 Hagen-

149 3493 247 3561 buch
269 3500 388 3558 nomine
410 3502 548 3574 restauri,
571 3515 658 3577 quarn
683 3499 749 3560 loco
773 3495 888 3558 decime
911 3501 940 3557 in
964 3496 1052 3560 leudo
1074 3495 1250 3577 possidebit,
1273 3497 1417 3559 decimam
1432 3499 1526 3578 ipsam

150 3588 179 3646 in
202 3581 403 3644 Wuiurthe
426 3587 455 3661 in
478 3587 689 3664 proprietatem
713 3583 784 3645 dare
808 3579 886 3644 dieto
910 3588 1091 3645 nrooasterio
1114 3582 1315 3668 dignaremur.
1349 3581 1410 3644 Nos
1425 3588 1527 3661 itaqua

151 3675 216 3732 eins
239 3667 379 3748 precibus·
403 3669 541 3746 inclinati,
565 3675 687 3748 accepta
710 3668 746 3730 ab
768 3673 835 3748 ipso
857 3673 965 3729 comite
981 3672 1162 3750 proprietate
1178 3667 1310 3750 predicta
1334 3667 1526 3750 inHagen-

37 3771 39 3780 ’
150 3752 257 3831 buch,
280 3771 367 3834 quam
391 3753 524 3816 manibus
540 3753 713 3816 coadunatis
738 3751 884 3835 Sophia
900 3757 1052 3816 comitisse
1068 3753 1105 3815 de
1122 3752 1271 3832 liastel,
1295 3752 1526 3818 Adelheidis

150 3843 252 3903 axoris
274 3843 328 3900 viri
351 3839 457 3902 nobilis
481 3839 647 3900 Cvnradi
671 3839 708 3902 de
733 3837 957 3920 Trimperoh
980 3847 1010 3901 et
1030 3841 1224 3924 Agnetis,
1246 3839 1371 3902 liliorum
1394 3857 1526 3919 suarum,

151 3927 281 3989 ecclesie
304 3931 409 3988 nostre
431 3931 549 3988 nomine
570 3931 698 3987 restauri
722 3923 802 3987 dedit
823 3930 853 3986 in
876 3930 1096 4007 proprietatem,
1120 3923 1265 3988 decimam
1279 3931 1308 3988 in
1323 3923 1526 3987 Wulurthe

148 4017 315 4074 mernerrlo
337 4015 519 4074 monasterio
541 4015 572 4072 in
594 4007 930 4096 blarpurgehusen
951 4011 989 4074 de
1012 4028 1162 4076 consensu
1187 4013 1304 4094 capituli
1318 4009 1525 4074 nostridamus

150 4101 338 4186 proprietatis
362 4102 481 4160 nornine
502 4101 649 4183 perpetuo
669 4093 890 4182 possidendam,
923 4095 970 4178 Et,
993 4104 1025 4162 ut
1039 4095 1095 4162 bec
1112 4103 1211 4159 nostra
1223 4095 1342 4162 donatio
1355 4103 1384 4160 et
1398 4099 1548 4176 restauri·

1119 4181 1195 4272 53*
