3794 4722
598 495 814 586 episcopatus
840 489 1134 585 wirziburgensis.

804 799 916 872 ourv.
996 894 997 898 p

685 1003 773 1061 Anno
803 993 893 1060 1195.
917 997 936 1059 5
960 997 1040 1061 Juiii.

170 1183 366 1256 celestinus
402 1206 486 1280 papa
520 1183 565 1254 111
601 1181 774 1254 ecciesiae
816 1182 1087 1276 wirzeburgensi
1124 1183 1296 1280 praedium
1333 1187 1366 1254 in
1399 1181 1552 1256 Hachein

171 1283 394 1379 (Hochireim)
420 1283 516 1354 tiinio
536 1285 715 1378 emptionis
744 1281 950 1354 abArnoido
977 1287 1174 1378 maguntino
1201 1283 1459 1378 archiepiscopo
1486 1306 1552 1354 ac·

677 1385 832 1476 quisitum
860 1381 1046 1455 confirmat.

274 1550 539 1624 Celestinus
579 1553 760 1646 episcopos
797 1575 918 1624 seruos
956 1575 1134 1624 seruorum
1174 1547 1239 1622 dei.
1292 1551 1436 1624 Dilectis
1476 1549 1553 1624 filiis

172 1655 347 1723 canonicis
365 1651 656 1744 wirzeburgensis
675 1651 825 1722 ecciesie
853 1653 997 1724 salntem
1024 1664 1057 1724 et
1084 1651 1308 1748 apostolicam
1334 1651 1553 1724 benedictio-

174 1775 263 1824 nem.
316 1751 422 1824 Justis
457 1753 640 1846 petentium
676 1750 854 1824 desideriis
882 1751 1016 1846 dignum
1052 1763 1105 1825 est
1138 1773 1203 1824 nos
1239 1751 1374 1823 facilem
1408 1751 1555 1848 prebere

174 1874 400 1940 consensum,
429 1863 462 1922 et
486 1862 585 1938 nota,
626 1872 690 1946 qne
718 1875 736 1921 a
762 1855 904 1923 rationis
932 1855 1064 1924 tramite
1089 1875 1158 1924 non
1182 1851 1397 1942 discordant‚
1432 1853 1555 1924 eiiectu

172 1963 404 2048 prosequente
422 1951 606 2046 complere.
633 1949 683 2022 Ea
709 1961 848 2047 propter
876 1951 989 2023 dilecti
1015 1953 1049 2022 in
1077 1952 1200 2024 dornno
1227 1951 1285 2022 iiiii
1312 1955 1438 2026 uestris
1456 1955 1555 2026 iustis

172 2051 457 2148 postulationibus
485 2061 583 2146 grato
612 2061 857 2122 concurrentes
887 2075 1032 2124 assensu
1058 2053 1222 2146 predium,
1255 2053 1343 2146 quod
1370 2051 1501 2124 habetis
1521 2057 1556 2127 in

173 2151 371 2223 Hachein
407 2175 425 2220 a
457 2149 546 2222 bone
582 2153 746 2222 memorie
773 2151 975 2222 Arnoldo
1010 2151 1177 2246 quondam
1202 2151 1401 2245 Mogontino
1438 2153 1555 2223 archi-

175 2256 338 2348 episcopo
366 2249 563 2346 adquisitum
592 2251 687 2322 titulo
715 2253 895 2346 emptionis
923 2263 956 2322 et
983 2251 1133 2324 ecclesie
1156 2263 1274 2324 uestre
1293 2251 1333 2322 ab
1354 2251 1476 2324 eodem
1502 2256 1557 2350 pia

174 2351 359 2424 deuotione
386 2373 612 2440 concessum,
648 2355 734 2422 sicut
761 2351 843 2422 iilud
869 2356 957 2422 iuste
987 2362 1021 2422 et
1046 2349 1186 2446 pacifice
1211 2351 1420 2448 possidetis,
1456 2351 1556 2424 uobis

176 2462 209 2523 et
236 2474 389 2547 pennos
425 2451 575 2523 ecclesie
608 2461 726 2522 uestre
761 2456 960 2524 auctoritaie
998 2452 1186 2546 apostolica
1223 2449 1483 2541 confirmamus,
1525 2463 1559 2522 et

174 2553 347 2647 presentis
375 2553 490 2645 scripti
514 2553 703 2646 patrocinio
730 2555 974 2622 communimus.
1025 2549 1116 2624 Nniii
1152 2573 1238 2645 ergo
1275 2555 1412 2622 omnino
1441 2551 1558 2624 homi-

174 2675 252 2723 num
279 2651 382 2723 liceat
407 2649 493 2722 hanc
519 2653 676 2746 paginam
702 2661 822 2723 nostre
849 2649 1113 2724 confirmationis
1142 2650 1329 2746 infringere
1356 2651 1458 2723 uelei
1474 2675 1559 2724 ausu

174 2755 361 2823 temerario
402 2755 582 2823 contraire.
639 2748 675 2822 Si
718 2753 791 2844 quis
833 2762 942 2822 antem
977 2749 1043 2821 hoc
1077 2761 1276 2846 attemptare
1301 2755 1558 2848 presumpserit,

175 2851 441 2946 indignationem
478 2853 718 2944 omnipotentis
755 2849 808 2921 dei
848 2861 882 2921 et
907 2851 1083 2922 beatorum
1110 2851 1202 2923 Petri
1229 2861 1263 2922 et
1288 2851 1383 2922 Pauli
1410 2865 1557 2948 aposto-

175 2951 286 3023 lorum
314 2955 400 3042 eius,
429 2975 467 3024 se
494 2955 630 3023 nouerit
655 2953 877 3022 incursurum.
930 2951 1052 3022 Datum
1078 2949 1235 3023 Laterani
1261 2949 1307 3023 111
1330 2949 1438 3026 Nonis
1465 2957 1559 3048 tulii,

175 3050 389 3147 pontificatus
417 3055 527 3126 nostri
555 3071 642 3121 anno
670 3053 796 3145 quinto.

386 3249 544 3332 Appendet
566 3249 644 3312 boiia
667 3247 805 3328 plumbea
829 3247 967 3312 Ceiestini
990 3268 1085 3330 papae
1108 3249 1154 3312 ln.
