3776 4730
603 379 821 530 episcopatus
847 428 1140 527 wirziburgensis.
1500 423 1571 506 493
1657 517 1662 538 .

188 623 371 696 coerect
394 631 483 712 pleno
499 633 569 715 jure
590 637 779 717 proprietatis¹
808 639 837 696 in
858 634 915 697 hiis
937 633 1126 716 presentibus
1148 633 1396 707 transferentes,
1420 639 1571 697 mittentes

188 723 217 779 in
244 715 302 780 biis
331 722 449 799 scriptis
477 717 686 782 nichilominus
771 714 909 783 abbatem
937 728 973 781 et·
990 727 1172 782 conuentum
1200 719 1356 801 predictos
1378 725 1413 782 in
1436 725 1581 801 ipsorum

187 803 336 868 bonorm
355 804 542 885 corporalem
570 812 601 868 et
629 812 804 886 perpetuam
829 811 1066 886 possesdonem.
1111 805 1149 868 Et
1177 814 1211 870 ut
1240 807 1312 886 hec,
1343 807 1405 886 nuci
1435 806 1583 887 predicta.

188 895 266 966 stunt,
288 889 426 955 omnibus
447 889 589 972 patefiant
617 897 648 952 et
676 891 767 956 robur
795 897 946 980 optineant
967 891 1128 969 firmitatis,
1158 898 1330 974 presentem
1351 895 1488 975 paginam
1509 891 1569 956 ab·

186 975 257 1038 inde
285 980 486 1056 conscriptum
513 981 608 1042 nostri
638 984 669 1038 et
695 979 813 1058 capituli
839 984 932 1044 nostri
954 981 1114 1051 munimine
1137 979 1301 1066 sigillorum
1325 976 1450 1042 fecimus
1472 977 1583 1055 robo-,

186 1065 255 1122 rari.
287 1059 395 1124 Testes
418 1067 486 1123 sunt
506 1057 565 1122 hii:
590 1059 676 1125 Mane
700 1061 787 1124 oldus
810 1061 848 1125 de
869 1064 1034 1148 Nuenburg
1057 1067 1236 1146 prepositus,
1258 1061 1401 1126 hibertus
1425 1061 1569 1141 decanus.

186 1145 333 1209 liudolfus
356 1143 550 1224 scolasticus,
574 1082 730 1210 Gurrradus
754 1147 792 1210 de
815 1149 968 1211 Thelheim
992 1155 1111 1221 certior,
1133 1147 1301 1213 Fridericus
1325 1147 1363 1210 de
1386 1142 1570 1232 liohenburg

188 1235 386 1314 portenarius,
409 1229 559 1294 Arnoldus
582 1239 696 1310 custos,
718 1233 904 1298 wernherus
926 1235 964 1297 de
977 1233 1179 1320 Tannenberg
1201 1231 1447 1317 archidyaconus,
1472 1233 1583 1296 llein-·

186 1322 267 1380 ricus
290 1317 329 1380 de
350 1317 521 1396 Wechmar,
545 1324 688 1401 magister
711 1319 876 1403 Gregorius
900 1319 1136 1402 archidyaconus
1166 1327 1202 1382 et.¹
1219 1323 1267 1383 atti
1290 1323 1423 1382 canonici
1446 1324 1583 1382 maioris·

188 1405 321 1466 ecclesie
349 1403 576 1486 herbipolensis.
601 1456 603 1464 .
628 1404 718 1486 Lepci
748 1423 840 1469 vero:
870 1407 1059 1470 Wolneltuus
1088 1406 1127 1468 de
1150 1406 1324 1483 Grunbaeb,
1352 1403 1501 1468 hesum
1530 1405 1583 1468 der

188 1489 339 1567 Tronstat,
362 1489 506 1554 Gerbacus
536 1489 576 1552 de
600 1490 767 1569 Tundelctt,
788 1492 974 1558 dermannus
997 1492 1035 1556 de
1058 1491 1231 1575 Gottingae,
1261 1491 1413 1557 iohannes
1436 1491 1568 1574 Flieger,

187 1575 373 1644 hermannus
394 1575 501 1654 dlvtel,
532 1575 689 1640 Gunrudus
711 1577 788 1652 filius
810 1579 946 1642 aduocati
970 1578 1007 1642 dc
1031 1577 1187 1662 Waltperg
1219 1583 1249 1640 et
1275 1578 1433 1658 siliquam
1455 1577 1567 1657 plures.

185 1661 261 1724 dota
283 1667 350 1724 sunt
372 1659 429 1722 hec
452 1679 531 1724 anno
554 1660 664 1726 domini
687 1661 843 1725 millesimo
874 1663 1078 1728 ducentesimo
1101 1669 1324 1750 septuagesimo
1353 1669 1477 1748 octauo,
1501 1665 1567 1746 prl—
1622 1720 1626 1730 ,
1703 1726 1707 1742 ,

186 1747 238 1842 die
257 1762 351 1810 nonus
373 1745 523 1826 Octobris,
545 1745 706 1812 indictione
729 1753 864 1828 septima,
887 1749 1074 1834 porrtiiicatus
1097 1755 1191 1812 nostri
1215 1769 1293 1812 anno
1316 1753 1431 1832 quarto.

396 1931 467 1997 Duo
486 1930 583 2015 sigilla
607 1931 783 2014 appendent.

395 2031 512 2198 ξᾶῑῑυῶὶ
543 2051 573 2108 in
600 2045 679 2112 Haas
709 2045 885 2112 Geschichte
916 2047 970 2110 des
994 2043 1256 2158 steven-Laudes
1279 2031 1308 2110 ct
1330 2047 1361 2112 P.
1385 2045 1418 2110 ll.
1443 2067 1470 2132 p.
1492 2041 1565 2114 336.

422 2151 447 2196 r.
514 2181 521 2197 .

779 2553 963 2631 CDXXIV.

511 2836 514 2844 ι
641 2758 729 2821 Anno
755 2747 857 2862 1278,
880 2751 930 2817 25.
954 2753 1104 2816 Octobris

184 2923 458 3015 dedendusne
483 2934 703 3036 Hohenh'erg,
730 2943 860 3030 senior,
886 2927 1075 3013 canonicus
1098 2934 1270 3013 ecclcsiae
1288 2929 1563 3039 herbipolensis,

186 3041 228 3135 de
254 3041 389 3137 capituli
417 3065 588 3116 consensu
616 3047 742 3117 curiam
777 3064 872 3114 suam
906 3043 941 3114 in
973 3041 1059 3112 villa
1093 3037 1154 3111 sub
1189 3049 1302 3113 castro
1327 3037 1458 3111 Buthrit
1483 3064 1562 3112 ma-

267 3145 376 3234 gistro
403 3141 589 3236 Gregorio,
613 3142 852 3215 archidiacono
879 3142 1051 3214 ecelesiae
1077 3138 1340 3238 herbipolensis
1367 3141 1495 3212 vendit.

257 3340 423 3416 Nouerint
449 3347 601 3416 uniuersi
625 3353 806 3440 presentes
833 3342 965 3416 litteras
992 3343 1191 3438 inspecturi,
1217 3339 1307 3436 qrrod
1335 3363 1402 3434 ego
1420 3339 1562 3413 Lude-

185 3444 322 3514 wicus
348 3442 391 3514 de
416 3442 713 3537 Hohenberg,
740 3445 877 3526 senior,
905 3445 1090 3514 canonieus
1118 3436 1269 3514 ecclesie
1295 3439 1561 3536 herbipolensis

185 3539 227 3612 de
261 3543 435 3615 voluntate
471 3556 505 3617 et
531 3567 704 3617 consensu
738 3565 908 3638 expresso
935 3543 1071 3636 capituli
1098 3541 1250 3612 ecclesie
1287 3551 1407 3612 nostre
1440 3541 1562 3612 herbi-

183 3642 337 3736 polensis
363 3647 490 3716 curiam
516 3667 625 3716 meam
653 3647 750 3714 sitam
777 3643 919 3714 invilla
947 3641 1008 3712 sub
1035 3653 1149 3714 castro
1173 3639 1360 3728 Buthrit,
1387 3641 1560 3712 valentem

183 3743 328 3834 singulis
355 3747 451 3817 annis
480 3747 599 3839 viginti
627 3743 754 3815 maldra
781 3743 946 3836 siliginiS,
981 3755 1124 3838 quatuor
1150 3744 1272 3830 tritici,
1298 3764 1364 3812 sex
1390 3761 1501 3813 avene
1527 3745 1562 3812 in

184 3843 390 3933 redditibus,
424 3868 522 3940 quam
549 3868 616 3938 ego
644 3854 679 3916 et
703 3843 973 3940 predecessores
1004 3847 1071 3914 mei
1097 3839 1197 3913 habui
1223 3851 1259 3912 et
1285 3839 1560 3937 habuerunt'pro

185 3943 366 4016 oblacione
393 3945 595 4018 hereditaria
623 3941 867 4016 cumomnibus
883 3941 1014 4032 vsibus,
1042 3939 1251 4030 utilitatibus,
1277 3943 1498 4036 pertinenciis
1526 3953 1561 4015 et

184 4042 451 4142 obucucionihus
479 4049 551 4151 suis
577 4056 612 4150 et
637 4043 795 4150 quidquid
816 4047 903 4146 juris
931 4065 998 4148 ego
1025 4055 1060 4118 et
1074 4039 1345 4148 predecessores
1372 4043 1439 4146 mei
1461 4039 1560 4154 hebui
