3836 4722
613 425 831 520 episcopatus
856 421 1149 520 wtsibmgensis.
1528 428 1567 500 itt

200 643 271 694 eum
300 620 487 696 deuotione
512 621 649 694 illorum
676 620 776 694 nohis
802 625 930 717 pariter
950 623 1190 695 contrahimus.
1229 623 1443 721 Quapropter
1459 635 1574 696 notum

199 726 239 794 sit
265 722 425 796 omnibus
451 733 518 794 tom
544 723 760 816 presentibus
787 743 885 816 quam
910 721 1031 795 futuris
1059 722 1184 794 Christi
1209 721 1376 813 fidelihus,
1403 723 1492 819 quod
1517 725 1574 796 di-

198 822 306 894 lectus
334 832 457 894 noster
473 820 574 892 Otto
596 825 706 892 maior
720 823 914 915 prepositus
930 825 963 892 in
975 821 1195 914 wirzeburg,
1222 822 1333 893 diuina
1352 825 1576 918 inspiratione

198 920 388 994 admonitus
422 941 485 1016 pro
518 920 673 995 remedio
708 925 818 994 anime
852 941 915 994 sue
939 919 1110 1016 hospitale
1133 922 1219 994 inira
1246 920 1403 994 ambitum
1430 927 1575 996 ciuitatis

197 1019 423 1113 Wirnelrurg,
449 1023 482 1092 in
508 1043 589 1092 area
616 1030 695 1092 ante
720 1020 879 1116 pelutium
902 1031 1069 1109 nostrum,
1095 1043 1193 1115 quem
1213 1021 1278 1094 deo
1294 1030 1329 1092 et
1343 1021 1475 1116 prefato
1489 1045 1575 1117 pre·

198 1123 313 1214 posito
342 1119 517 1208 tradimus,
544 1122 746 1192 construxit.
780 1118 835 1190 Ad
855 1122 949 1192 cuius
966 1123 1066 1190 etiam
1086 1121 1353 1215 supplementum
1373 1143 1439 1194 nos
1456 1121 1575 1193 decem

200 1241 342 1291 mansos
371 1218 413 1290 de
439 1218 569 1309 nouali,
596 1217 685 1312 quod
711 1227 764 1290 est
790 1223 883 1289 iuxta
909 1219 1024 1289 uillam
1050 1219 1373 1315 llespeneuelt,
1407 1230 1441 1292 et
1474 1241 1574 1292 unum

202 1321 236 1389 in
262 1321 338 1413 ipse
364 1319 445 1389 uilla
480 1337 553 1389 cum
589 1317 786 1389 molendino
812 1319 845 1389 in
872 1317 1123 1390 Hochiluor
1159 1319 1268 1392 libere
1304 1329 1339 1390 et
1374 1322 1449 1392 sine
1485 1325 1575 1391 omni

201 1417 473 1489 contradictione
499 1417 739 1489 contradimus.
789 1417 1001 1490 lnuadiamus
1023 1421 1123 1490 etiem
1146 1420 1186 1489 ad
1203 1418 1389 1515 predictum
1408 1419 1576 1514 hospitale

202 1516 345 1588 alterum
373 1515 601 1588 molendinum
637 1537 699 1611 pro
733 1515 851 1587 decern
884 1520 1008 1588 marcis
1044 1541 1062 1588 a
1096 1517 1195 1590 nobis
1228 1519 1286 1589 uel
1319 1539 1338 1588 a
1371 1539 1577 1592 successore

200 1625 321 1688 nostro
347 1612 581 1687 redimendum
606 1619 640 1686 in
666 1615 816 1711 predicta
842 1617 923 1687 uilla
950 1637 992 1687 ea
1017 1616 1177 1690 uidelicet
1192 1617 1389 1689 conditione
1411 1627 1445 1689 ct
1465 1629 1578 1713 pacto,

199 1725 233 1786 ut
261 1715 374 1788 fidelis
401 1725 521 1788 noster
545 1718 741 1810 prepositus
758 1714 861 1786 Otto
884 1725 1049 1811 accepeto
1065 1737 1163 1807 unro,
1189 1717 1278 1812 quod
1294 1716 1336 1788 ad
1356 1716 1577 1812 reparandam

203 1835 342 1887 cmcem
376 1825 526 1889 nostrem
562 1817 596 1885 in
628 1817 751 1886 maiori
783 1815 933 1888 ecelesia
958 1815 1139 1887 collectum
1166 1827 1239 1906 est,
1264 1816 1331 1887 hoc
1356 1816 1446 1910 quod
1472 1816 1579 1888 adhuc

202 1913 313 2003 deest,
342 1915 384 1986 de
410 1917 555 2011 proprio
576 1925 708 2009 sumptu
735 1913 889 2008 suppleat
915 1924 949 1986 et
973 1935 1108 1986 crucem
1131 1915 1310 2009 aliquando
1333 1935 1397 2010 pro
1414 1919 1578 1987 necessi-

197 2023 264 2085 tate
281 2015 433 2086 ecclesie
448 2023 482 2085 et
496 2023 616 2084 nostra
629 2015 822 2088 diminutam
836 2025 978 2108 quatuor
990 2014 1128 2086 talentis
1138 2019 1365 2111 aurireparet.
1394 2013 1578 2088 Stutoimus

197 2125 308 2184 autem
347 2125 382 2184 et
415 2112 478 2184 sub
512 2111 624 2184 banno
652 2111 911 2203 confirmamus,
949 2124 986 2184 ut
1018 2135 1104 2184 cura
1136 2113 1288 2186 eiusdem
1321 2113 1500 2210 hospitalis
1538 2113 1580 2186 ud

197 2213 327 2285 nullum
355 2216 493 2286 omnino
509 2214 576 2284 nisi
598 2211 640 2282 ad
656 2211 819 2283 decanum
841 2223 875 2284 et
886 2212 1086 2306 generalem
1107 2225 1310 2286 conuentum
1325 2213 1579 2309 sanctillyliani

197 2315 385 2408 pertineat,
422 2315 468 2383 ita
494 2313 528 2383 ei
553 2315 711 2382 conmuni
737 2312 885 2384 consilio
911 2311 1154 2407 prouidentes,
1191 2323 1227 2383 ut
1260 2337 1280 2384 a
1313 2313 1402 2385 lucie
1429 2311 1483 2384 dei
1509 2335 1578 2383 non

196 2423 348 2507 pereant.
400 2411 508 2484 Huius
541 2413 593 2481 rei
628 2419 735 2483 testes
763 2421 862 2484 sunt:
905 2410 1098 2484 Guntlterus
1126 2415 1352 2500 camerarius,
1386 2410 1578 2503 sigefridus

196 2513 404 2607 prepositus,
430 2509 652 2583 Gebehardus
669 2513 877 2605 prepositus,
904 2509 1129 2601 Gundramus,
1154 2510 1348 2584 Hartwicas
1363 2509 1578 2598 cellerarius,

197 2609 374 2682 Conradus
401 2609 586 2700 sacerdos,
619 2609 812 2681 Burcurdus
839 2619 979 2698 cantor,
1012 2607 1207 2682 Bnrlrardus
1235 2609 1348 2698 arola,
1386 2605 1578 2697 Richolius,

197 2707 430 2799 Gelrehardus,
454 2709 649 2799 Heinricus,
673 2708 910 2798 Eberhardus,
936 2709 1129 2799 Heroldus,
1154 2709 1373 2802 Bemgerus,
1398 2707 1578 2780 Heinricut

197 2813 361 2904 magister
387 2808 569 2882 scolarum.
620 2808 713 2880 Laici
739 2818 865 2883 testes:
901 2810 1020 2904 Boppo
1047 2830 1165 2880 comes
1192 2819 1226 2880 et
1252 2808 1358 2879 irater
1385 2809 1459 2880 eius
1486 2807 1579 2879 Ber-

198 2909 323 2998 toldus,
349 2907 521 2980 Heroldus
538 2907 785 2998 uicedominus,
808 2908 979 2980 Heroldus
998 2913 1220 2997 camerarius,
1238 2908 1431 3001 Billungus,
1451 2905 1578 2996 Dutho,

196 3007 397 3098 llainricus,
421 3008 619 3098 llatwicos,
654 3007 826 3080 Heroldus
853 3017 888 3079 et
911 3007 1019 3079 irater
1045 3010 1144 3096 eiua,
1182 3007 1384 3096 Heinricos,
1419 3005 1581 3094 Heitlolc,

200 3105 397 3180 Goteiridus
425 3116 459 3178 et
484 3105 543 3178 lilii
570 3107 643 3179 eius
669 3106 901 3200 Engelbertus
926 3117 959 3178 et
983 3104 1207 3179 Gotcboldus.
1259 3106 1363 3178 Facta
1390 3115 1443 3179 est
1467 3116 1581 3176 sutem

199 3206 262 3278 lrec
288 3205 425 3278 traditio
453 3227 542 3278 enno
569 3205 738 3278 dominice
761 3208 1004 3278 incarnationis
1029 3205 1087 3278 Me
1113 3204 1164 3277 0⁰·
1190 3204 1358 3294 XLllll⁰·,
1396 3204 1580 3275 indictione

199 3305 272 3397 vlt,
299 3315 468 3400 regnante
496 3305 753 3398 gloriosissimo
779 3297 866 3400 rege
887 3299 1044 3377 Crinrado
1070 3302 1182 3395 Vll⁰·,
1210 3304 1377 3377 aduoeeto
1402 3305 1578 3399 Boppone.

361 3480 807 3624 Exclifilrrodcoplipli‘ssebenburffi
830 3477 875 3551 qui
898 3478 1026 3536 mendose
1047 3480 1128 3538 helei
1149 3481 1316 3552 „indictione
1338 3479 1369 3548 ll,
1393 3483 1579 3550 regnante...

448 3585 494 3624 nra
513 3585 530 3624 o
576 3571 612 3603 ⁰·‘
