3774 4728
603 465 822 567 episcopatos
847 465 1146 568 murgeoris.

797 776 935 856 ΌωΧ.

490 963 580 1030 Anno
604 960 713 1044 1250„
735 959 787 1032 23.
811 965 1008 1052 &puniris
1030 970 1060 1032 in
1082 922 1260 1036 iisttenstat.

170 1148 396 1225 ‘Hermannus
419 1149 672 1250 herbipolensis
699 1151 872 1227 ecclesius
897 1154 1081 1254 episcopus
1094 1153 1419 1232 maiorisecelosiae
1446 1179 1559 1232 ceno-

179 1255 268 1326 nisis
305 1249 401 1347 legat
426 1249 591 1326 desimam
616 1253 712 1326 iesus
737 1257 773 1328 in
797 1253 1014 1348 EtheIeibem
1037 1256 1225 1349 trimodo,
1251 1267 1288 1330 ut
1313 1259 1563 1354 consanguinei

181 1353 236 1426 eui
261 1349 428 1426 Amemus
453 1346 712 1428 archidiesonus
749 1362 786 1426 st
810 1353 889 1428 Otto
926 1363 1065 1449 custos,
1090 1360 1199 1454 ipsem
1232 1359 1307 1432 inre
1333 1357 1562 1432 haereditario

377 1455 513 1552 possint
535 1453 730 1552 possidere,
755 1464 791 1528 et
814 1456 871 1530 uni
893 1459 1136 1532 cononisomm
1160 1457 1361 1536 transferre.

280 1605 354 1684 Nos
381 1605 437 1682 dei
462 1611 571 1706 gredo
596 1609 874 1684 Hennenses
905 1607 1158 1712 herbipolensis
1192 1611 1345 1688 ecclesie
1378 1613 1562 1712 episcopos

179 1717 300 1782 notum
324 1707 468 1784 issimus
492 1711 666 1785 vninsrsis
691 1719 887 1808 presentem
924 1715 1083 1810 peginam
1108 1715 1337 1812 inspecturis,
1371 1713 1461 1812 quod
1495 1735 1562 1790 nos

181 1808 328 1884 dominis
353 1811 482 1884 uostris
507 1813 648 1885 meionis
674 1810 827 1888 ecclesie
853 1814 1028 1888 cononicis
1067 1813 1223 1910 legemus
1261 1812 1427 1894 decimum
1464 1811 1561 1890 lesus

184 1913 295 1984 nostri
320 1912 355 1982 in
378 1909 660 1986 Ethsleibeu
685 1933 748 2010 pro
774 1922 970 1987 nostrorum
985 1913 1370 2014 remediopecoetornm
1384 1913 1561 2014 perteiem

12 2051 18 2064 ·
183 2009 330 2108 modum,
356 2009 446 2106 quod
469 2013 716 2108 consanguinei
730 2013 841 2087 nostri
862 2011 1085 2092 Alitertns
1104 2005 1363 2090 archidiaconus
1379 2024 1415 2088 et
1429 2012 1561 2090 Ottho

182 2119 300 2186 custos
339 2113 446 2208 ipsius
485 2111 636 2190 ecclesie
672 2115 828 2188 senonici
870 2109 913 2186 de
953 2116 1027 2212 ipse
1063 2115 1196 2190 decimu
1230 2113 1380 2190 densent
1414 2113 1560 2190 dominis

182 2208 396 2309 respondere
422 2221 459 2287 et
482 2233 558 2288 sem
584 2215 619 2287 iu
645 2211 766 2288 eadem
792 2213 941 2287 ecclesie
967 2217 1042 2288 inre
1067 2213 1275 2289 hereditario
1294 2213 1489 2312 possidere,
1515 2217 1560 2286 ita

183 2311 271 2408 quod
297 2315 350 2387 ius
371 2309 397 2406 ¹)
424 2312 576 2388 ciusdem
591 2311 734 2404 decime,
760 2311 850 2410 quod
874 2335 940 2388 nos
952 2313 1187 2390 transierimus
1211 2317 1246 2388 in
1260 2313 1415 2406 eosdem,
1438 2313 1560 2410 degere

180 2413 318 2486 nalsent
350 2415 406 2486 uni
440 2417 683 2488 senonisornm
716 2417 824 2512 ipsius
858 2413 1032 2508 ousiosis,
1069 2419 1124 2490 cni
1160 2415 1281 2489 velint.
1331 2411 1399 2510 lpsi
1424 2435 1560 2510 proque

183 2522 218 2586 ot
244 2535 364 2587 eorum
390 2517 425 2587 in
451 2517 524 2611 ipso
551 2513 681 2588 decima
706 2531 933 2590 successores
958 2517 993 2587 in
1028 2513 1083 2588 die
1116 2513 1207 2589 besti
1229 2513 1400 2588 Dominici
1426 2517 1561 2587 seruire

182 2611 308 2687 dehent
333 2611 492 2690 frutribus
506 2613 635 2691 ordinis
646 2615 896 2713 predtsetorum
920 2615 956 2688 in
981 2615 1132 2712 ptseitus
1159 2615 1297 2688 sirsiter
1317 2611 1440 2687 decem
1465 2611 1560 2688 soli-

181 2713 276 2787 detes
303 2713 360 2788 uel
386 2713 505 2788 desem
532 2715 664 2791 solidos
689 2715 904 2790 denariorum
931 2737 994 2812 pro
1019 2715 1170 2813 pissibus
1188 2717 1241 2790 eis
1262 2708 1409 2804 deboni3
1435 2711 1559 2787 eodem

181 2814 282 2889 modo
308 2818 343 2888 in
370 2813 425 2889 die
449 2813 541 2890 boati
564 2816 739 2892 Freucisoi
762 2814 922 2890 iratribus
955 2814 1142 2890 minoribus
1177 2813 1221 2888 de
1257 2813 1376 2888 docem
1402 2813 1558 2890 solidatis

180 2918 322 3012 pissium
348 2915 405 2987 uel
432 2915 551 2990 desem
586 2915 707 2992 solidis
737 2920 917 2993 scrutetur.
970 2916 1046 3005 Quo
1072 2915 1202 2990 tuiento
1236 2913 1381 2988 deducto
1415 2913 1558 3012 predicti

180 3017 1328 3216 titttttttttntttttisttrtttssttttttt
1341 3013 1558 3189 {iiiiii

179 3221 213 3290 in
254 3239 336 3292 usus
373 3215 584 3292 dominorum
624 3227 847 3309 sonuerunt,
880 3227 981 3315 prout
1017 3217 1140 3291 meiius
1179 3214 1348 3290 uidebitur
1376 3214 1556 3312 expedire.

179 3318 345 3405 Quoniam
372 3327 482 3392 autem
509 3317 614 3391 nichil
646 3319 734 3392 odeo
767 3315 910 3392 detetur
946 3315 1161 3406 hominibus,
1199 3323 1298 3412 deam
1334 3324 1372 3387 at
1396 3323 1558 3411 snprente

178 3418 362 3492 uolontetis
386 3441 506 3491 eorum
533 3417 622 3492 tiber
637 3422 682 3494 sit
696 3419 808 3510 stitus,
830 3441 877 3492 ns
903 3417 1093 3492 huiusmodi
1117 3415 1353 3514 pie‘ordintetio
1378 3423 1498 3510 nostm
1522 3415 1558 3488 in

178 3529 350 3613 posterum
399 3517 516 3592 voleat
560 3521 739 3611 inmutari,
779 3521 813 3592 in
861 3516 1044 3592 obliuionis
1081 3517 1319 3590 exterminium
1360 3523 1558 3613 presentem

176 3623 336 3714 peginam
361 3619 534 3692 conscribi
558 3618 702 3694 issimus
725 3629 764 3692 et
788 3617 895 3712 sigilli
918 3620 1027 3692 nostri
1042 3617 1225 3690 munimiae
1239 3614 1407 3689 roboreri.
1433 3615 1557 3688 lictum

178 3721 212 3790 in
236 3719 452 3810 Hettenstet‚
478 3741 567 3794 enno
593 3723 704 3814 gratis
728 3717 789 3794 ΜΟ·
809 3711 894 3792 00⁰·
925 3718 1228 3814 quinquagesimo,
1261 3713 1366 3788 vini.
1389 3713 1556 3790 ire'lendas

178 3815 350 3912 Octobris,
375 3819 567 3896 indictionis
593 3830 730 3912 setene,
751 3815 966 3915 pontificatus
988 3819 1100 3894 nostri
1124 3833 1216 3891 anno
1239 3811 1366 3891 xxti.

385 3989 522 4080 Sigillum
544 3989 659 4054 ieesnm
681 3987 838 4072 appendet

386 4091 592 4173 onnon
613 4090 718 4179 ,peso
738 4090 807 4160 rurs
827 4091 875 4159 eu
895 4095 1038 4180 cerepum
1059 4097 1116 4158 ee.
1261 4171 1345 4252 w
