3776 4730
311 454 384 529 tot
890 454 1108 532 llonomenta
1146 542 1149 552 ¹
1243 539 1247 548 ,

311 661 358 731 irn
383 667 581 755 perpetuum
608 657 703 730 iuxta
728 657 976 756 infrascriptam
1002 658 1146 732 formam
1187 679 1251 755 pro
1288 681 1350 731 sne
1390 658 1543 732 remedio
1583 660 1695 731 anime

218 768 221 786 ¹
310 758 513 852 resignauit,
539 761 585 830 ita
611 758 758 850 scilicet,
783 758 873 855 quod
899 760 973 856 ipsa
1001 769 1154 831 matrona
1180 756 1340 856 predictis
1359 757 1557 850 redditibus,
1583 757 1697 855 qttoad

310 860 449 949 uixerit,
474 856 539 930 irui
566 856 679 950 debet,
695 857 767 932 sed
795 881 838 931 ca
862 870 995 932 mortua
1022 863 1174 955 ipsorum
1200 858 1388 932 reddituum
1415 859 1582 933 medietas
1595 857 1697 934 nobis

310 969 423 1050 vacat,
437 957 603 1053 reliquam
615 980 702 1032 vero
716 957 931 1032 medietatem
944 963 978 1031 in
993 963 1147 1032 maritum
1162 982 1258 1032 suum
1270 961 1457 1056 predictum
1471 961 1610 1033 Talea
1620 981 1696 1048 um,

310 1063 342 1133 si
368 1069 546 1156 superstes
572 1058 687 1152 inerit,
712 1059 825 1155 quoad
852 1059 925 1132 dies
952 1081 1036 1133 auos
1061 1059 1313 1158 percipiendam
1347 1059 1390 1134 do
1417 1061 1505 1135 scitu
1530 1070 1567 1132 et
1589 1062 1696 1133 testi·-

308 1161 425 1232 monio
450 1168 573 1232 nostro
611 1170 647 1231 et
684 1160 820 1256 capituli
860 1163 969 1233 nostri
1007 1161 1204 1233 transferre
1236 1162 1385 1256 poterit,
1423 1164 1454 1234 si
1478 1159 1546 1233 hoc
1585 1163 1696 1255 ipsum

308 1259 420 1334 eidem
448 1268 602 1332 matrone
628 1258 738 1332 adirnc
763 1263 893 1334 uiuenti
919 1261 1076 1356 placitum
1086 1260 1268 1348 videatur„
1290 1283 1358 1357 quo
1375 1261 1543 1334 Talero
1560 1270 1697 1333 mortno

308 1363 383 1455 ipsa
410 1359 589 1450 medietas,
615 1383 681 1455 que
707 1383 784 1432 earn
811 1363 1014 1455 contingere
1040 1360 1197 1451 debebat,
1223 1361 1266 1433 ad
1286 1385 1351 1434 nos
1365 1360 1475 1434 libere
1490 1369 1695 1434 reuertatur.

307 1459 437 1532 Verum
465 1463 496 1532 si
522 1463 757 1557 prenominata
784 1472 940 1534 matrona
966 1461 1132 1558 prelatum
1148 1461 1365 1534 medietatem
1393 1461 1579 1534 reddituum
1608 1483 1695 1558 prc-

308 1559 475 1634 dictorum
503 1563 537 1634 in
563 1560 750 1656 predictam
786 1565 941 1634 maritum
982 1564 1057 1636 eius
1098 1573 1177 1658 post
1215 1565 1320 1658 ipsius
1361 1573 1517 1636 matrone
1549 1571 1697 1634 mortem

308 1660 512 1748 transferre,
538 1683 740 1756 quocunque
765 1684 846 1734 casu
872 1663 929 1734 uel
957 1663 1143 1734 occasione
1178 1661 1369 1752 distulerit,
1409 1673 1536 1735 extunc
1572 1661 1697 1760 prelati

307 1759 460 1834 redditas
486 1783 527 1831 ea
554 1771 687 1832 mortua
724 1761 875 1834 totaliter
913 1761 1014 1834 nobis
1049 1772 1184 1835 vacant.
1236 1761 1309 1835 Nos
1345 1761 1499 1858 predicte
1538 1772 1696 1834 matrone

309 1863 554 1949 sinceritatem,
580 1859 818 1932 nichilominus
832 1863 941 1934 eciam
967 1861 1188 1952 beneficium,
1214 1861 1304 1960 qnod
1330 1886 1392 1959 per
1417 1865 1697 1957 resignacionam

308 1958 473 2032 dictorum
499 1958 668 2032 bonorum
694 1963 957 2056 reportauimus,
984 1961 1213 2053 attendentes,
1239 1961 1382 2035 eandem
1412 1973 1600 2036 matronam
1628 1973 1696 2034 tam

308 2063 343 2131 in
369 2058 471 2132 rebus
498 2081 597 2154 quarn
624 2082 775 2156 persona
801 2064 834 2132 in
860 2071 1014 2133 nostram
1030 2065 1183 2155 graciam
1200 2066 1383 2160 recipimus
1410 2074 1446 2135 ct
1457 2063 1697 2136 defensionem

308 2159 518 2254 singularem
546 2159 706 2232 uolentes
734 2159 844 2232 eidem
871 2173 991 2235 contra
1018 2164 1157 2238 iniurias
1175 2161 1401 2258 quorumlibet
1427 2173 1462 2235 et
1483 2166 1696 2235 uexaciones

307 2258 475 2333 indebitas
502 2258 641 2349 adesse,
667 2263 770 2334 immo
797 2283 943 2356 preesse
969 2261 1095 2351 tutela,
1129 2263 1298 2354 consilio,
1324 2263 1454 2336 auxilio
1482 2273 1517 2335 et
1542 2261 1695 2360 presidio

308 2359 464 2455 speciali,
491 2369 681 2434 statuentes
707 2360 972 2449 nichilominus,
1013 2371 1050 2434 ut
1087 2372 1153 2434 tam
1188 2385 1415 2436 successores
1451 2368 1561 2436 nostri
1595 2386 1695 2458 quam

309 2460 490 2555 capitulum
518 2470 672 2532 nostrum
699 2459 821 2533 dictum
848 2473 1034 2534 matronam
1062 2461 1183 2535 eadem
1209 2461 1422 2537 defensionis
1459 2468 1576 2558 gracia
1602 2463 1694 2536 lide-

307 2559 387 2634 liter
423 2570 683 2656 prosequantur.
737 2560 773 2634 ln
812 2565 907 2634 cuius
948 2564 999 2634 rei
1040 2565 1270 2636 testimonium
1310 2573 1505 2660 presentem
1546 2563 1693 2641 litteram

308 2660 419 2734 eidem
459 2657 613 2732 dedimus
653 2670 773 2734 nostro
816 2672 851 2734 et
888 2661 1024 2758 capituli
1064 2667 1173 2736 nostri
1215 2662 1407 2758 sigillorum
1449 2663 1693 2761 apensioniltus

308 2757 515 2834 roboratam.
540 2761 664 2834 Actum
689 2771 727 2834 et
743 2759 853 2834 datum
869 2785 958 2836 anno
976 2759 1101 2835 domini
1116 2761 1359 2855 MCGLXXV,
1387 2773 1511 2837 octauo
1526 2763 1693 2840 kalendas

308 2859 453 2956 Aprilis,
477 2859 693 2957 pontificatus
719 2863 829 2936 nostri
855 2885 946 2936 anno
973 2865 1096 2957 primo,
1123 2866 1156 2937 in
1183 2874 1444 2945 montesancto
1471 2865 1590 2942 lilarie.

519 3029 625 3116 sigilla
648 3051 782 3114 appensa
804 3032 891 3096 valde
913 3033 996 3096 laesa
1020 3041 1097 3098 sunt.

524 3115 550 3194 ¹)
571 3115 603 3181 ln
626 3117 728 3182 charta
749 3117 798 3181 iric
819 3124 946 3200 spatium
968 3117 1104 3182 relictum
1127 3126 1182 3186 est

908 3399 1096 3492 coenon.

759 3586 847 3650 Anno
872 3583 979 3662 1275„
1005 3583 1053 3652 il.
1076 3586 1163 3650 lunii.

312 3739 513 3817 Wiutherus
538 3751 575 3816 ot
599 3739 788 3838 lliltburgis
813 3741 904 3818 bona
932 3769 992 3818 sua
1018 3744 1167 3840 capitulo
1201 3755 1236 3818 et
1261 3747 1432 3822 ecclcsiae
1459 3747 1692 3846 herbipolensi

652 3903 655 3910 .
732 3843 840 3918 libera
866 3843 1049 3918 donatione
1075 3845 1265 3920 conferunt.
1476 3851 1483 3864 ‘

412 3968 439 4042 1.
465 3991 498 4040 n.
526 3968 558 4040 d.
585 3991 615 4042 a.
667 3970 740 4046 Nos
767 3971 1029 4046 Wiutherus
1063 3979 1098 4043 et
1121 3971 1380 4070 Hiltburgis
1404 3981 1689 4071 recognoscimus

314 4078 351 4150 et
375 4079 537 4158 constme
561 4071 721 4160 volumus
747 4074 945 4165 uniuersis,
983 4081 1050 4148 nm
1067 4069 1070 4080 '
1090 4071 1306 4172 presentibus
1343 4096 1441 4188 mam
1479 4078 1691 4178 postfuturis,
