3768 4728
587 477 804 570 episcopatus
830 473 1124 570 wirziburgensis.
1475 475 1546 548 ‘263

173 673 319 762 burch
344 670 517 744 relictuO.
535 673 668 743 comitis
682 669 723 742 de
738 673 1041 748 Botenloiben
1063 685 1129 746 tem
1144 682 1332 770 promptum
1349 673 1546 768 obsequium

173 795 269 867 quam
296 726 466 844 deuotum.
519 769 627 844 Saluti
654 774 765 843 anime
791 795 869 844 mee
895 775 1081 848 consulens
1119 785 1154 846 et
1179 783 1299 869 optans
1327 796 1451 866 magno
1479 773 1547 844 de-

174 873 299 944 siderio
326 875 452 945 uestris
480 870 567 966 apud
592 870 689 940 deum
717 881 752 942 et
777 883 972 946 uestrorum
999 877 1239 948 successorum
1276 875 1311 944 in
1348 884 1546 991 perpetuum

174 971 383 1044 orationibus
411 970 574 1062 adiuuari,
600 969 789 1064 quicquid
780 971 988 1045 rurishaheo
1016 985 1050 1050 et
1076 996 1121 1045 ex
1137 993 1337 1068 quocunque
1355 971 1451 1043 titulo
1472 977 1548 1046 siue

173 1095 369 1166 quacunque
403 1093 506 1142 causa
543 1073 578 1142 in
611 1069 703 1142 uillis
732 1069 961 1144 Stocheim
1002 1083 1038 1144 et
1073 1076 1107 1144 in
1145 1073 1390 1161 Quienuelt
1428 1071 1471 1143 do
1514 1083 1548 1144 et

173 1172 325 1244 concedo
352 1181 386 1242 et
410 1193 473 1266 per
498 1179 694 1265 presentem
721 1169 868 1242 litteram
894 1175 1155 1268 possessionem
1190 1171 1354 1244 dictorum
1379 1170 1548 1243 bonorum

172 1271 266 1344 trado
293 1271 360 1344 deo
387 1281 421 1342 et
446 1269 548 1342 beato
574 1269 721 1364 llyliano
761 1281 794 1342 et
831 1271 929 1345 uoltis
967 1275 1002 1344 in
1027 1295 1111 1346 usus
1138 1283 1173 1346 et
1198 1281 1435 1366 augumentum
1461 1294 1548 1367 pre-

172 1370 355 1444 bendarum
382 1381 572 1442 uestrarum
613 1373 648 1440 in
684 1381 882 1465 perpetuum
908 1371 1138 1467 profuturum
1176 1370 1238 1446 suh
1265 1371 1332 1442 hoc
1356 1371 1480 1460 modo,
1513 1382 1549 1444 ut

174 1471 341 1544 debonis
368 1475 403 1542 in
430 1469 664 1542 Stocheim
688 1479 807 1542 uestro
834 1471 988 1566 periculo
1014 1471 1236 1566 procurandis
1264 1469 1365 1542 michi
1380 1470 1444 1542 due
1460 1493 1548 1566 pre-

174 1570 280 1643 bende
319 1575 454 1664 integre
491 1572 746 1659 ministrentur,
783 1573 882 1644 etiarn
925 1575 955 1644 si
994 1575 1169 1644 canonicis
1209 1575 1384 1664 contingat
1424 1571 1549 1665 aliquid

93 1691 98 1698 ·
174 1671 341 1766 deperire.
393 1671 489 1743 Bona
514 1691 598 1740 uero
624 1673 659 1740 in
685 1669 930 1756 Quienuelt
954 1693 1032 1743 mco
1047 1671 1199 1767 periculo
1213 1670 1439 1766 procurabitis
1456 1681 1548 1742 tam-

173 1793 269 1865 quam
294 1793 352 1843 res
378 1771 534 1866 proprias
561 1768 797 1858 defendentes,
825 1781 859 1841 et
883 1770 1354 1866 quicquidindeprouenerit‚
1380 1773 1550 1865 assignari

173 1870 271 1944 miehi
297 1871 451 1966 plenarie
476 1869 629 1956 iacietis3
656 1890 733 1941 mee
762 1879 874 1942 autem
890 1871 1037 1944 consilio
1054 1881 1219 1944 statuetur
1244 1870 1301 1942 uel
1318 1869 1549 1943 remouelnitur

174 1981 382 2066 procurator.
436 1967 536 2057 Quod
561 1971 591 2041 si
616 1968 842 2043 Albertus
868 1969 957 2044 filius
984 1993 1082 2042 meus
1116 1992 1171 2042 me
1205 1969 1393 2041 decedente
1421 1993 1548 2064 super-

173 2075 308 2160 uixerit,
321 2072 506 2142 canonicus
523 2072 677 2142 existens
691 2068 843 2141 ecclesie
855 2081 984 2159 uestra,
999 2069 1151 2166 predicta
1165 2069 1256 2142 hone
1271 2073 1304 2141 in
1321 2069 1549 2140 Stocheim

174 2181 206 2241 et
231 2174 265 2241 in
293 2167 543 2258 Quienuelt
568 2171 602 2239 in
628 2166 835 2240 oblationem
860 2169 1098 2242 hereditariam
1124 2168 1267 2258 habeat,
1300 2171 1388 2240 sicut
1421 2167 1548 2240 habere

174 2273 328 2342 canonici
369 2278 644 2354 consueuerunt·
680 2279 859 2364 postquem
898 2280 1032 2342 centum
1070 2281 1105 2342 et
1142 2271 1381 2364 quinquaginta
1422 2291 1549 2358 marce,

173 2370 355 2442 secundum
383 2369 641 2464 dispositionem
667 2389 777 2440 meam
803 2367 1053 2459 distribuenda,
1088 2368 1201 2442 solute
1225 2367 1351 2438 fuerint
1375 2390 1438 2462 per
1472 2391 1549 2457 uos,

173 2474 385 2565 priusquam
411 2468 501 2540 bona
530 2465 701 2540 dimittatis
730 2465 849 2540 eidem.
901 2469 945 2540 Et
971 2467 1013 2540 de
1047 2467 1145 2540 dictis
1183 2465 1283 2539 honis
1321 2465 1411 2537 debit
1450 2465 1549 2539 uobis

174 2570 317 2664 singulis
345 2571 441 2641 annis
468 2566 656 2661 quindecim
682 2564 800 2657 libras,
827 2571 972 2686 puinque
987 2555 1021 2638 in
1036 2571 1270 2639 anniuersario
1286 2587 1377 2654 meo,
1403 2571 1549 2660 quinque

175 2693 234 2764 pro
261 2671 497 2742 anniuersario
524 2669 634 2738 mariti
661 2670 753 2756 mei,
786 2671 931 2762 quinque
964 2689 1025 2762 pro
1066 2669 1299 2740 anniuersario
1327 2663 1478 2737 eiusdem
1504 2677 1547 2738 A.

176 2781 372 2842 statuentur.
423 2768 522 2840 Etsi
556 2767 646 2838 lorte
679 2765 768 2838 filius
806 2790 902 2840 meus
935 2789 990 2839 me
1025 2769 1208 2884 superstite
1240 2766 1455 2856 decesserit
1492 2766 1550 2838 uel

177 2871 362 2959 leieauerit
389 2856 447 2940 iet
473 2867 557 2939 alius
584 2865 626 2938 alt
652 2867 802 2939 ecclesia
827 2877 944 2940 uestra
971 2869 1136 2956 cesserit
1171 2865 1228 2938 fiat
1261 2863 1361 2938 michi
1394 2869 1473 2938 uiue
1505 2865 1547 2936 de

175 2969 291 3060 bonis,
332 2973 420 3042 sicut
457 2969 611 3062 superius
652 2975 707 3038 est
744 2989 968 3062 expressum3
1004 2989 1059 3038 me
1098 2989 1184 3038 uero
1217 2975 1350 3038 mortua
1385 2963 1475 3038 bona
1515 2969 1549 3036 in

177 3069 410 3142 Stocheim
435 3065 545 3138 libere
574 3075 609 3136 et
634 3064 790 3138 absolute
816 3066 914 3140 uobis
942 3077 977 3137 et
1001 3069 1126 3140 uestris
1154 3063 1415 3140 successoribus
1430 3087 1549 3138 rema-

176 3169 309 3242 nebunt.
360 3169 414 3240 De
439 3165 676 3238 bouis'autem
703 3169 737 3236 in
763 3167 1009 3254 Quienuelt
1034 3176 1189 3238 trecente
1208 3187 1322 3237 merce
1342 3163 1550 3236 deducentur

177 3269 357 3340 secundum
385 3267 642 3361 dispositionem
668 3287 778 3345 meam
805 3265 1053 3354 distribuende3
1090 3263 1208 3360 quibus
1244 3263 1395 3336 deductis
1430 3264 1550 3336 eadem

177 3368 261 3441 hona
288 3391 353 3440 uos
380 3379 414 3438 et
438 3367 546 3438 uestri
574 3387 798 3437 successores
833 3366 942 3438 libere
981 3363 1200 3462 possidebitis
1227 3375 1260 3435 et
1287 3366 1408 3457 quiete.
1460 3363 1549 3434 Acta

177 3481 249 3540 sunt
274 3468 339 3542 lrec
357 3489 446 3538 anno
462 3467 704 3538 incarnationis
721 3465 847 3540 domiui
860 3466 919 3538 ΜΟ·
938 3464 1018 3536 00⁰·
1036 3463 1218 3554 XXXllll.‚
1245 3463 1427 3535 indictione
1448 3462 1549 3552 vlit,

176 3568 229 3639 Vl.
256 3590 364 3639 nonas
392 3565 559 3638 Octobris.

381 3766 558 3848 Sigillum„
560 3761 734 3828 Adellreidis
758 3762 796 3825 de
810 3763 1023 3827 lliltenbureh“
1038 3767 1148 3844 optime
1164 3769 1374 3825 conservatum
1390 3761 1549 3843 appendet.

380 3867 528 3930 Editum'
520 3886 550 3928 ιιι
572 3866 664 3950 Jdger
687 3863 868 3926 Geschichte
897 3863 1119 3928 Frarrlreulands
1147 3863 1195 3924 lll.
1225 3859 1296 3926 374.
1326 3862 1376 3926 Νι.
1407 3861 1548 3941 XXXlll,

383 3957 443 4014 et'
435 3973 464 4016 ιιι
487 3951 646 4014 Beehstein
670 3949 850 4012 Geschichte
873 3951 933 4012 und
957 3949 1101 4012 Gedichte
1124 3968 1150 4029 p.
1178 3943 1236 4010 142
1258 3949 1309 4012 Nr.
1333 3943 1382 4010 20.
