3836 4722
322 371 375 444 nd
780 419 784 428 ·
907 358 1126 442 monomenta

326 567 487 640 nembro
507 565 650 638 neonis
686 563 953 646 eboracensibus
974 555 1025 635 'in
1064 558 1175 636 nostri
1199 565 1374 660 presentia
1414 580 1480 658 ope
1518 555 1639 633 nostra‘
1672 567 1708 633 ot

328 687 501 740 consensu
527 663 569 737 de
593 666 694 738 bunis
721 669 794 740 suis
818 666 932 740 utilius
960 675 995 735 et
1020 661 1231 736 commodius
1260 663 1328 736 sibi·
1343 663 1528 758 dispositis.
1579 654 1707 733 Vene-

325 767 445 838 rabilis
470 769 584 860 itaque
608 763 716 837 irater
740 776 868 840 noster
893 759 1025 837 Adam
1063 761 1166 834 abbas
1206 767 1335 859 primus
1361 767 1410 833 ·in
1447 759 1593 833 Ebora
1631 778 1708 831 cum

324 865 488 938 iratribus
513 870 585 938 suis
611 865 753 938 contulit
780 876 815 937 et
840 862 1045 936 contradidit
1068 862 1196 934 allodia
1223 863 1366 958 paredam
1384 882 1523 957 qnorum
1542 860 1604 951 beu
1630 867 1709 930 sunt

326 969 483 1038 nomine:
511 959 768 1053 'Z=ubolr0d,
819 963 855 1036 in
895 961 1295 1036 Habretbeslnusen
1333 965 1503 1056 superiori
1543 961 1707 1057 tredecim

328 1087 483 1152 mansos,
511 1067 545 1135 in
569 1061 999 1136 llubre-thteshusen
1023 1059 1178 1134 inferiori
1204 1063 1458 1156 quatuordecim
1485 1078 1638 1150 mansos,
1671 1061 1706 1130 in

301 1163 574 1250 ¹lloveheim
592 1162 754 1234 undecim
781 1183 945 1253 mansos,
986 1166 1021 1233 in
1056 1161 1335 1254 Weterunge
1370 1161 1527 1232 undecim
1554 1179 1708 1246 mansos,

326 1267 363 1336 in
395 1263 639 1336 Hocbusen
677 1259 712 1334 ct
744 1261 1064 1358 Wegenobeim
1104 1273 1138 1334 et
1177 1265 1212 1332 ln
1251 1260 1579 1336 Chennenkeim
1618 1258 1709 1330 Xxu.

326 1385 482 1451 mansos,
510 1365 621 1434 ettria
645 1361 840 1435 molendina
866 1381 940 1434 cum
958 1365 1069 1433 uineis
1089 1361 1219 1433 eisdem
1234 1361 1322 1432 locis
1349 1364 1423 1432 sitis
1450 1369 1485 1431 et
1509 1357 1709 1430 nemoribus

327 1485 391 1560 per
416 1483 549 1532 uranum
575 1460 701 1532 domini
728 1461 874 1556 gloriosi
899 1461 1084 1534 Henrici
1110 1463 1252 1532 iunioris
1286 1463 1381 1554 regis
1420 1470 1455 1532 et
1481 1457 1709 1530 Friderioi

328 1563 445 1634 fratris
473 1563 560 1648 eius,
585 1583 650 1631 nec
675 1559 1011 1656 nonblarquardi
1039 1557 1080 1634 de
1098 1559 1330 1633 Grunbach
1357 1559 1399 1632 ad
1424 1559 1532 1630 altare
1558 1558 1710 1652 preciosi

330 1659 491 1756 martyris
516 1657 653 1755 Kyliani
693 1659 727 1732 in
765 1661 886 1734 maiori
920 1661 1129 1745 monasterio
1164 1663 1198 1732 in
1230 1670 1414 1755 perpetuos
1446 1681 1530 1732 usus
1567 1658 1709 1728 fratrum

327 1755 454 1830 ibidem
481 1757 546 1831 deo
572 1763 793 1832 servientium
820 1759 989 1835 medianis
1015 1760 1151 1832 domiuo
1178 1760 1433 1852 gloriosissimo
1459 1761 1611 1853 principe
1651 1759 1709 1853 pio

329 1857 536 1930 Cvnrado
563 1881 662 1954 rege,
688 1870 783 1954 patre
808 1860 930 1954 prelati
955 1859 1142 1931 Henrici
1168 1862 1311 1932 iunioris
1337 1863 1445 1952 regia
1473 1861 1567 1928 ouius
1593 1855 1709 1950 lorgi-

328 1960 423 2030 tiono
449 1957 579 2053 prelata
605 1958 731 2030 allodia
755 1959 918 2052 legitimis
952 1969 987 2030 et
1012 1962 1110 2030 iustis
1145 1959 1255 2031 modis
1290 1958 1402 2054 adepti
1441 1966 1540 2046 sunt,
1580 1954 1710 2050 absque

331 2061 424 2128 omni
451 2057 723 2130 contradictione
748 2057 975 2154 possidenda,
1001 2057 1065 2128 bac
1092 2061 1249 2130 cautione
1274 2061 1473 2144 interiecta,
1510 2065 1547 2127 ut
1581 2058 1610 2128 si
1644 2077 1710 2150 qua

330 2157 567 2228 ecclesiastica
594 2158 807 2230 secularisue
833 2181 983 2254 persono
1008 2162 1097 2228 iusta
1123 2181 1164 2229 ao
1189 2157 1382 2229 rationabili
1416 2177 1518 2228 causa
1543 2153 1711 2250 prelibata

327 2254 418 2327 bona
444 2260 626 2328 retraxerit
653 2267 688 2329 et
714 2255 907 2348 abstulerit,
929 2281 970 2329 ac
996 2256 1202 2330 subtraxerit
1234 2256 1353 2331 usibus
1378 2254 1606 2352 predictorum
1632 2253 1711 2325 lra-

328 2365 415 2427 trum
443 2355 633 2430 confratres
661 2355 711 2428 illi
738 2355 780 2429 de
805 2355 951 2430 libera
977 2358 1053 2430 aliis
1079 2356 1179 2429 bonis
1206 2368 1240 2428 et
1256 2354 1521 2450 congruentibus
1547 2357 1712 2425 iacturam

326 2455 454 2540 illatam
491 2467 756 2552 reconpensent.
820 2457 891 2532 Sed
929 2468 966 2530 ut
1001 2460 1159 2550 equitatis
1194 2455 1282 2528 libro
1313 2465 1509 2528 seruaretur
1542 2457 1711 2548 utrimque

327 2554 468 2628 reducta
495 2555 610 2631 domui
646 2580 686 2628 ac
711 2556 837 2630 iratres
864 2560 977 2628 nostri
1003 2579 1105 2650 supra
1142 2555 1222 2629 don
1255 2555 1298 2628 de
1333 2555 1435 2628 domo
1473 2575 1535 2649 pro
1572 2553 1710 2626 allodiis

328 2653 392 2726 sibi
419 2665 454 2725 et
478 2655 628 2746 ecclesie
655 2679 715 2746 sue
750 2655 948 2730 contraditis
976 2659 1102 2728 curiam
1130 2677 1226 2730 suam
1253 2653 1478 2727 Suluheim
1516 2663 1551 2724 et
1576 2653 1710 2724 Trut-

324 2751 437 2824 baoh
464 2751 666 2824 eberacensi
692 2751 838 2824 cenobio
872 2757 905 2824 in
943 2777 1027 2825 usus
1061 2755 1201 2826 fratrum
1235 2753 1358 2826 ibidem
1384 2753 1579 2848 regularem
1606 2755 1710 2823 uitam

327 2851 565 2945 professorum
591 2850 700 2922 libere
727 2861 760 2922 et
786 2849 945 2926 obsolute
983 2857 1058 2927 sine
1084 2853 1226 2925 alicuius
1254 2853 1522 2926 contradictione
1554 2855 1588 2923 in
1622 2873 1711 2946 por-

327 2961 464 3044 petuum
490 2950 731 3045 possidendam
757 2951 976 3040 tradiderunt.
1028 2955 1114 3025 Huic
1138 2975 1202 3048 per
1226 2973 1344 3025 manus
1364 2951 1591 3049 predictorum
1606 2953 1710 3046 prin-

329 3051 440 3142 cipum
487 3049 580 3121 iaote
620 3050 803 3122 traditioni.
853 3052 1001 3147 Boppo
1043 3073 1162 3125 cannes
1197 3052 1381 3126 aduncatus
1419 3052 1535 3122 altaris
1567 3051 1710 3122 maioris

326 3148 475 3240 ecclesie
508 3153 691 3249 intererat,
719 3161 754 3223 et
780 3151 990 3223 aduoostiam
1018 3156 1198 3248 omniaque
1231 3151 1406 3243 aduncatis
1431 3154 1526 3239 iura,
1568 3173 1631 3244 qup
1667 3149 1711 3222 de

326 3247 467 3343 prelatis
493 3247 593 3320 bonis
610 3337 613 3346 ,
633 3249 697 3322 sibi
732 3259 768 3322 et
805 3255 876 3324 suis
911 3249 1093 3324 heredibus
1119 3251 1350 3347 persoluenda
1376 3251 1538 3346 deinceps
1560 3251 1711 3340 lucrant,

326 3351 361 3419 in
396 3369 479 3420 usus
506 3353 782 3444 prosignatcrum
815 3350 955 3422 fratrum
991 3355 1188 3444 resignault.
1241 3351 1458 3424 Sanctientes
1493 3353 1607 3444 itaque
1643 3367 1710 3424 nos

324 3445 413 3519 bano
438 3447 652 3521 traditionem
680 3453 869 3538 statuimus
895 3473 940 3522 ne
966 3452 1078 3546 aliqua
1104 3469 1227 3544 magna
1251 3452 1310 3522 uel
1335 3473 1441 3546 panna
1464 3469 1616 3545 persona
1642 3449 1710 3521 ad-

324 3550 492 3620 uocatiam
516 3547 609 3650 illam
638 3550 697 3621 uel
721 3553 794 3620 iuro
821 3549 996 3643 aduocatie
1030 3555 1096 3648 ipsi
1131 3549 1195 3623 sibl
1220 3569 1387 3646 usurpare
1414 3559 1606 3646 presumat,
1640 3551 1710 3623 nisi

325 3666 424 3742 quem
452 3651 639 3730 communis
664 3649 804 3720 fratmm
831 3650 989 3724 uoluntas
1004 3651 1115 3746 aliqua
1129 3651 1221 3724 forte
1235 3653 1444 3722 necessitate
1459 3651 1711 3721 interueniente

325 3745 389 3821 sibi
415 3745 620 3820 aduocatum
646 3751 828 3826 assciuerit
852 3759 886 3820 et
913 3768 1016 3846 snper
1041 3750 1104 3846 hec
1127 3749 1217 3822 bona
1243 3752 1468 3821 constitnerit.
1522 3747 1710 3820 statuimus

325 3848 601 3941 moquemnulli
612 3853 854 3945 opiscoporum
863 3871 1105 3946 successorum
1116 3857 1312 3923 nostrornm
1322 3848 1543 3944 liceatipsam'
1552 3847 1713 3920 aduncae

316 3943 424 4033 =tiam‚'
443 3947 890 4068 aeliumipsicsodnooatie
903 3949 1070 4024 aduocato
1087 3949 1276 4047 supradicte
1293 3949 1464 4041 aecclesie
1477 3967 1540 4023 seu
1554 3950 1711 4043 cuiquam
