3794 4722
332 471 381 542 te
906 463 1124 542 Monumenta

331 672 445 764 itaque
471 677 507 739 et
530 665 699 738 iudicante
732 665 881 756 poelesia
904 677 1046 755 nostra,
1072 665 1331 760 dispositionem
1367 679 1403 740 et
1438 667 1716 758 conuentionem,

333 791 435 863 pram
461 777 580 839 contm
605 768 773 839 iusticiam
798 787 1140 861 presumpseramus,
1174 765 1359 838 secundum
1385 769 1552 838 iusticiam
1577 777 1716 839 retrac-

334 867 436 940 tando
463 865 694 940 dissoluimus.
745 864 965 938 Postmodum
990 885 1076 936 uero
1102 869 1378 959 superueniente¹
1391 866 1492 939 nobis
1534 866 1601 938 alia
1634 870 1716 937 eui·-

334 965 425 1039 denti
450 967 672 1055 necessitate,
696 963 858 1035 uidelicet
882 963 1101 1060 expeditione
1127 961 1482 1059 dominiimperatoris
1510 965 1716 1037 11101111-

332 1066 410 1138 dam
425 1063 837 1138 Mediolanensium
856 1062 1095 1154 rebellionem,
1122 1063 1269 1136 consilio
1286 1064 1445 1155 ecclesie,
1471 1062 1717 1158 Hadewige

334 1165 508 1238 abbatissa
545 1185 620 1236 cum
655 1165 826 1234 uniuersis
866 1161 1042 1234 sororibus
1071 1165 1330 1254 consentiente,
1364 1163 1496 1259 prelata
1528 1162 1647 1260 predia
1681 1167 1718 1236 11

333 1261 542 1335 Hocbeim
585 1271 619 1333 et
651 1264 685 1332 in
720 1259 970 1335 Hedenstat
995 1261 1198 1336 Heroldo
1238 1261 1529 1359 wirceburgensis
1569 1263 1717 1356 pcelesip

335 1366 457 1434 maiori
482 1363 660 1456 preposito
686 1382 749 1454 pro
777 1359 961 1432 CXXXVI.
988 1365 1112 1435 marcis
1139 1363 1273 1456 argenti
1298 1383 1360 1457 per
1386 1385 1520 1435 manum
1544 1363 1717 1435 Beren-

335 1465 432 1557 geri
459 1460 615 1530 aduocati
639 1463 673 1530 in
699 1463 845 1554 pignore
870 1463 1073 1554 posuimus,
1100 1460 1164 1532 bac
1191 1460 1407 1553 conditione,
1442 1475 1479 1538 ut
1513 1462 1632 1558 predia
1657 1464 1719 1536 illa

335 1560 376 1632 ab
402 1559 550 1650 ecclesia
577 1558 883 1630 sanctimonialium
915 1581 1084 1652 nunquam
1116 1570 1261 1654 possent
1294 1561 1456 1650 alienari,
1495 1573 1550 1636 set
1585 1565 1660 1634 siue
1697 1585 1718 1634 u

333 1659 434 1731 nobis
462 1661 547 1731 siue,
563 1656 604 1728 ab
629 1661 704 1750 ipsa
730 1655 903 1728 abbatissa
927 1657 985 1729 uel
1011 1657 1111 1729 nobis
1139 1658 1381 1732 decedentibus
1407 1683 1427 1731 a
1453 1661 1718 1734 successoribus

334 1760 464 1831 nostris
490 1755 532 1827 ab
570 1755 739 1828 antedicto
774 1759 905 1828 maiore
939 1761 1117 1852 preposito
1153 1761 1228 1831 siue
1264 1757 1305 1829 ab
1340 1759 1524 1832 heredibus
1556 1763 1627 1832 suis
1659 1760 1719 1832 uel

336 1857 377 1930 ab
404 1856 578 1950 ecclesiis,
603 1853 723 1949 quibus
749 1857 825 1950 ipse
851 1855 970 1928 eadem
996 1855 1113 1952 predia
1147 1881 1210 1953 pro
1235 1857 1388 1930 remedio
1415 1861 1524 1952 anime
1551 1880 1611 1950 sup
1643 1861 1719 1931 iure

334 1960 490 2053 pignoris
517 1955 711 2046 contulerit,
737 1955 849 2028 soluta
875 1966 1127 2051 prememorata
1151 1960 1296 2052 pecunia
1321 1958 1582 2048 redimerentur,
1607 1956 1719 2029 ubba-

335 2061 418 2147 tissp
452 2065 564 2128 autem
591 2065 626 2126 et
651 2054 829 2129 sororibus
856 2059 927 2128 suis
951 2078 1015 2150 pro
1042 2053 1164 2128 eodem
1189 2054 1308 2152 predio
1335 2056 1378 2129 10
1402 2057 1564 2131 reditibus
1589 2060 1720 2131 nostris

334 2155 481 2252 singulis
508 2159 604 2230 annis
630 2153 689 2226 Vl.
715 2153 820 2228 libras
845 2153 892 2226 111
926 2158 959 2226 11
994 2153 1101 2228 Alta
1137 2157 1251 2229 villa
1278 2166 1313 2228 et
1337 2155 1383 2228 lll
1409 2159 1444 2228 11
1476 2155 1720 2248 Eberbacb,

335 2255 530 2354 specialiter
556 2253 599 2328 ad
626 2253 761 2327 domum
786 2255 938 2326 carnium
963 2265 1157 2327 nostrarum
1175 2258 1399 2352 pertinentes,
1425 2259 1633 2332 restituimus
1659 2257 1721 2328 tali

333 2358 507 2452 pactione,
533 2365 569 2428 ut
595 2376 671 2427 cum
695 2351 813 2450 predia
836 2353 897 2426 illa
911 2353 1038 2426 luerint
1065 2353 1178 2427 soluta
1203 2357 1238 2427 11
1258 2377 1356 2428 usum
1386 2357 1572 2449 maguntini
1600 2356 1720 2430 111111-

336 2457 503 2553 episcopi,
529 2457 586 2552 qui
611 2466 690 2526 tunc
713 2453 898 2550 presideat,
924 2476 990 2527 sex
1015 2453 1100 2545 libre
1117 2455 1175 2548 ille
1198 2465 1422 2528 reuertuntur.
1460 2455 1556 2530 lianc
1581 2465 1721 2528 retrac-

335 2559 511 2646 tationem,
536 2555 869 2649 impignoratiouem,
895 2555 1252 2648 recompensationem
1288 2576 1363 2625 cum
1402 2557 1473 2628 suis
1505 2553 1720 2651 pactionibus

335 2665 444 2726 ratam
470 2665 505 2725 et
528 2653 765 2726 inconuulsam
791 2655 884 2724 omni
911 2675 977 2724 auo
1004 2674 1144 2724 manere
1170 2653 1331 2726 uolentes
1358 2653 1541 2745 baccarta,
1566 2657 1721 2750 impres-

334 2757 437 2826 sione
462 2751 569 2846 sigilli
595 2755 706 2824 nostri
731 2754 905 2845 insignita,
932 2751 1155 2827 stabiliuimus
1182 2763 1219 2825 et
1242 2753 1356 2825 banno
1383 2763 1504 2828 nostro
1531 2755 1721 2826 001111110-

334 2854 458 2924 uimus.
510 2851 617 2924 Huius
641 2853 693 2921 rei
718 2859 828 2924 testes
864 2861 942 2924 sunt
966 2851 1193 2926 llurtmannus
1225 2855 1338 2925 maior
1370 2857 1587 2950 prepositus,
1623 2853 1720 2926 Bm»

336 2949 482 3023 cbardus
507 2951 703 3046 prepositus
729 2953 839 3024 saneti
864 2952 977 3042 Petri,
1014 2951 1191 3026 Arncldus
1224 2963 1344 3026 aratos
1386 2957 1525 3028 maioris
1560 2953 1745 3046 ecclesip,'

337 3049 501 3142 Sigclous
530 3048 678 3122 decanus
715 3061 749 3123 at
773 3053 969 3148 prepositus
1002 3062 1119 3145 sancte
1151 3049 1256 3144 blan-ie
1295 3054 1330 3124 11
1364 3052 1516 3148 Campo,
1553 3055 1722 3147 magister

337 3147 557 3238 Willelmus,
595 3149 696 3243 Hugo
736 3161 880 3241 cantor,
919 3149 1129 3224 Hatnelrinus
1169 3156 1364 3247 prepositus
1404 3155 1512 3226 sancti
1553 3151 1721 3246 blamicii,

335 3247 497 3323 Embrico
522 3252 716 3344 prepositus
743 3249 787 3321 de
811 3249 967 3345 Pinguia,
991 3250 1213 3324 Baldewinus
1238 3254 1433 3351 prepositus
1458 3255 1567 3326 suncti
1581 3252 1721 3326 loban-

335 3351 402 3424 nis.
446 3349 500 3421 De
526 3348 736 3444 capellanis:
765 3347 942 3422 Gbnradus
968 3354 1163 3444 prepositus
1189 3355 1297 3425 sancti
1323 3351 1493 3446 Gingolb,
1526 3349 1722 3446 Ridingns

337 3449 525 3538 Gemotus,
550 3447 747 3539 Bertoldus,
774 3449 996 3544 Dragebudo,
1021 3450 1235 3525 Hermaunus
1250 3455 1559 3526 canonieussanoti
1572 3451 1722 3543 Martini,

336 3547 571 3622 blurcwardus
611 3551 829 3642 augustensis
872 3551 1069 3621 canonieus.
1128 3551 1181 3622 De
1213 3551 1331 3622 laicis:
1366 3573 1486 3624 eomes
1527 3547 1721 3646 Sigelridus

338 3647 382 3719 de
406 3647 543 3738 blorle,
584 3669 703 3720 comes
730 3647 912 3719 Bertoldus
951 3647 993 3718 de
1019 3647 1168 3739 Nitbea,
1206 3648 1401 3726 Gerbardus
1427 3649 1471 3724 de
1495 3649 1722 3744 Keluercwu,

337 3745 571 3820 blarcwardus
598 3746 641 3818 10
652 3745 836 3840 Birgestat.
875 3747 928 3817 De
941 3749 1244 3822 ministerialibus:
1270 3749 1453 3844 Helpricus
1469 3751 1721 3844 uiccdcminus,

337 3845 520 3920 Embriobc
561 3845 651 3918 lilius
684 3843 871 3939 blaingcti,
907 3846 1081 3918 Amcldus
1118 3848 1282 3942 liugnus,
1315 3849 1507 3923 llermanus
1541 3849 1722 3944 scultetus,

338 3945 563 4033 Wicnandus,
592 3944 766 4034 Salomon,
791 3945 958 4018 Ernestus
973 3945 1409 4041 waltpodo,Helmenigus
1426 3949 1569 4050 dapifer,
1596 3949 1720 4024 (lode-

340 4041 412 4116 bclt
438 4055 473 4116 et
494 4041 649 4116 Hartmdt
674 4043 866 4134 marscalci,
891 4043 1026 4135 Herclt,
1051 4046 1286 4136 Helmewicb‚
1321 4045 1451 4122 Ruldolf
1473 4059 1508 4123 et
1534 4052 1721 4148 conplures
