3768 4728
846 347 1065 430 monumenta
1095 419 1101 426 .
1195 419 1202 426 .

867 787 1043 864 CCXCIII.

681 992 770 1056 dono
796 987 897 1070 1247„
921 990 951 1052 d.
975 987 1235 1073 brithnodum.

265 1175 487 1262 Innocentius
512 1197 598 1274 popa
624 1177 682 1250 lV.
712 1177 864 1266 decano„
899 1177 1047 1273 capitulo
1081 1199 1123 1250 uc
1155 1135 1328 1252 uniuersis
1362 1175 1500 1250 clericis
1527 1136 1649 1248 berbiss

265 1275 466 1374 polenslbus
500 1278 673 1373 indulget„
709 1277 800 1373 quod
834 1277 975 1351 durante
1012 1281 1170 1352 instantis
1205 1279 1458 1374 persecutionis
1493 1275 1649 1372 procella

352 1399 421 1449 non
447 1382 583 1474 possint
607 1379 694 1451 trahi
720 1389 819 1468 extra
848 1381 1021 1451 civitatem
1046 1377 1323 1474 herbipolensem
1348 1379 1385 1452 in
1411 1398 1560 1450 causam.

364 1547 667 1623 innocentius
701 1553 883 1648 episcopus
910 1573 1033 1624 seruus
1060 1571 1241 1624 seruorum
1277 1545 1332 1620 dei
1359 1545 1492 1621 dilectis
1518 1546 1645 1622 liliis..

265 1647 397 1722 deceno
425 1661 459 1721 et
486 1647 633 1744 capitulo
660 1673 702 1722 ac
727 1653 899 1727 uniuersis
940 1651 1077 1726 clericis
1111 1648 1409 1746 herbipolensibus
1443 1649 1650 1724 salutemet

266 1749 491 1846 apostolicam
531 1748 813 1824 benedictionem.
887 1749 1032 1824 Obtcntu
1075 1747 1285 1825 venerabilis
1326 1749 1442 1823 fratris
1485 1751 1647 1824 nostri..

265 1848 519 1946 herbipolensis
554 1853 710 1947 episcopi
746 1851 845 1926 nobis
883 1851 1103 1948 supplicantis
1141 1873 1204 1948 pro
1250 1849 1348 1924 uobis
1385 1853 1489 1946 quieti
1530 1857 1648 1923 nostre

265 1949 451 2048 prouidere
487 1950 670 2043 uolentes,
710 1951 800 2048 qnod
832 1951 974 2025 durante
1011 1955 1168 2027 instantis
1205 1953 1457 2046 persecutionis
1493 1948 1648 2046 procella

265 2073 337 2124 non
374 2053 516 2147 possitis
557 2050 644 2124 trabi
682 2063 781 2124 extra
819 2055 990 2126 ciuitatem
1029 2051 1307 2150 herbipolensem
1343 2055 1378 2124 in
1415 2071 1567 2124 causam·
1587 2070 1650 2146 per

267 2150 387 2225 literas
414 2151 625 2248 apostolicas
652 2173 721 2226 non
747 2153 915 2227 iacientes
942 2151 984 2225 de
1010 2149 1220 2246 indulgentia
1237 2150 1427 2226 huiusmodi
1442 2153 1653 2224 mentionem·

267 2255 470 2328 auctoritate
495 2251 595 2329 nobis
620 2257 830 2349 presentium
857 2252 1083 2347 indulgemus.
1111 2252 1203 2327 Nulli
1220 2275 1306 2346 ergo
1325 2254 1462 2346 omnino
1476 2249 1650 2324 bominum

266 2351 371 2428 liccat
394 2352 483 2426 hanc
505 2357 664 2451 paginam
689 2365 809 2430 nostre
835 2357 1074 2432 concessionis
1099 2351 1289 2448 infringere
1315 2354 1418 2428 nelei
1434 2374 1520 2428 ansn
1534 2362 1650 2426 tems-

266 2456 360 2528 rario
386 2457 568 2530 contraire.
623 2453 737 2551 Siquis
762 2466 875 2532 autem
906 2455 973 2528 hoc
1006 2465 1207 2552 attemptare
1231 2455 1498 2550 presumpserit,
1531 2451 1649 2546 indig-

266 2557 441 2630 nationem
469 2559 710 2654 omnipotentis
737 2555 792 2630 dei
818 2569 853 2631 et
877 2555 1056 2629 beatorum
1081 2556 1174 2630 Petri
1212 2564 1247 2626 et
1270 2553 1387 2646 Pauli,
1414 2552 1650 2650 apostolorum

267 2657 356 2748 cius,
381 2678 422 2730 se
446 2660 583 2729 nouerit
607 2659 831 2733 incursurum.
882 2655 1006 2730 Datum
1031 2655 1185 2751 Lugduni
1210 2651 1251 2728 11.
1286 2677 1395 2730 nonas
1421 2653 1531 2748 lund,
1555 2675 1649 2752 pon-

266 2752 413 2832 nimus
438 2759 549 2831 nostri
575 2778 663 2830 anno
690 2767 821 2854 quarto.

475 2953 636 3106 Aplpepdet
655 2956 736 3022 bulla
757 2955 897 3041 plumbea
917 2955 1079 3022 Innocenttt
1093 2953 1142 3022 lll.
1165 2972 1205 3020 cx
1225 2954 1282 3022 hlts
1304 2961 1411 3022 scricis
1426 2955 1495 3022 llari
1518 2959 1549 3020 et
1568 2951 1651 3020 rubri

477 3058 494 3103 c
526 3059 598 3106 ors.
