3794 4722
558 445 775 543 episcopans
799 441 1093 542 wirsiburgensis.
1288 448 1291 457 '
1459 443 1531 522 lii

160 643 200 717 tle
224 667 349 740 amu,
375 641 461 718 duee
484 642 530 718 de
555 649 629 742 pisa
652 649 687 719 in
711 666 794 720 usus
820 667 1006 743 pauperum
1040 646 1083 720 ud
1108 645 1346 746 hospitale
1383 650 1533 724 sancti

157 745 308 840 ligidij
335 747 503 818 annuatim
529 746 737 841 persoluent.
770 745 857 820 lllnd
881 767 1016 843 quoque
1041 757 1201 822 stantum
1226 758 1293 840 est,
1318 767 1531 844 quocumque

157 867 243 918 nuno
270 845 403 940 grando
430 867 493 919 seu
519 849 609 940 ignis
635 847 825 922 noandum
850 847 970 942 bages
993 846 1204 922 destruxerit
1228 847 1342 921 otboc
1356 847 1534 922 euidenter

155 950 312 1042 patuerit,
338 955 374 1018 ut
400 967 525 1019 census
550 947 732 1044 supradicti
759 947 973 1020 medietatem
991 956 1119 1022 tanum
1135 947 1383 1046 persoluentet
1398 959 1532 1045 pauutttt

157 1049 375 1120 constitutum
398 1045 596 1122 dominabus
614 1048 814 1122 rescindere
827 1049 1020 1124 nullatenus
1039 1044 1153 1122 licent.
1187 1049 1234 1122 Vt
1248 1053 1350 1144 igitur
1364 1052 1532 1144 uultuque

154 1157 226 1219 rata
253 1157 289 1220 et
314 1145 521 1220 inuiolabilis
545 1147 611 1220 hec
622 1151 819 1224 constitutio
832 1159 1030 1246 permaneat
1050 1149 1156 1244 sigilli
1173 1153 1284 1224 nostri
1301 1153 1532 1248 impressione

17 1297 18 1300 a
154 1257 187 1319 et
211 1247 358 1321 testibus
385 1245 583 1342 subscriptis
609 1259 665 1322 est
689 1248 895 1322 conluctata.
931 1249 991 1323 leti
1016 1261 1095 1322 sunt
1119 1259 1226 1324 testes
1251 1250 1391 1322 clerici:
1419 1247 1532 1322 Goto-

153 1347 259 1420 lridns
286 1347 449 1438 decenne,
475 1347 671 1422 Gotebidos
698 1360 829 1436 cantor,
855 1345 1031 1424 Oinradus
1057 1349 1102 1422 de
1122 1349 1309 1440 Froburcb,
1335 1351 1531 1424 bistonum

153 1447 194 1520 tle
229 1446 474 1537 bebenburch,
509 1449 769 1544 Engelhardus,
793 1447 984 1522 'eumaem
1019 1454 1255 1548 pancharius,
1294 1449 1529 1525 dulchardus.

152 1548 234 1620 ltem
261 1548 360 1620 laici:
395 1549 575 1623 Heinricus
602 1551 786 1640 scultetus,
812 1549 1036 1624 Ehheburdus
1061 1551 1248 1641 cometus,
1289 1549 1461 1627 haroldus
1488 1549 1532 1620 de

152 1649 257 1737 Foro,
285 1647 504 1738 Adelhunus,
531 1649 788 1738 weinharius,
820 1649 1043 1724 llelenwicus
1067 1647 1191 1724 Albus.
1242 1649 1347 1723 Facta
1380 1661 1436 1722 est
1467 1649 1534 1722 hec

15 1839 16 1844 Ἰ
151 1752 350 1822 constitutio
376 1763 465 1821 anno
491 1750 657 1844 dominicp
675 1753 916 1822 incarnationis
949 1749 1009 1821 pp.
1025 1747 1077 1822 (3⁴t
1093 1747 1322 1840 inmittis,
1348 1749 1532 1824 indictione

151 1845 221 1939 lle,
248 1853 435 1944 imperante
459 1849 645 1923 Fraderieo
672 1851 927 1944 gloriosissimo
951 1850 1184 1922 Romanorum
1209 1855 1429 1946 imperatore,
1453 1850 1532 1924 lle-
1599 1909 1603 1920 .

151 1948 329 2042 genburdo
345 1948 636 2045 wirceburgensis
653 1951 803 2042 ecclesie
824 1953 990 2048 episcopo
1007 1953 1193 2042 existente,
1216 1952 1381 2048 boppone
1407 1953 1533 2024 cunin

125 2048 446 2180 'wirceburgensis
472 2050 566 2126 urbis
590 2051 817 2148 prefecturam
842 2059 982 2124 tenente
1008 2061 1044 2124 et
1068 2062 1224 2145 regente.

367 2249 501 2333 Sigillum
523 2249 645 2334 collegii
669 2246 700 2315 Β.
722 2251 828 2316 llillard
850 2250 889 2315 de
911 2249 1001 2315 domo
1021 2252 1199 2333 cupressum
1222 2249 1315 2314 adem

730 2683 943 2765 CXXXVIII.

733 2889 822 2954 Anno
852 2883 944 2952 1184.

149 3075 398 3173 llegenhardus
426 3073 679 3174 herbipolensis
704 3077 888 3174 episcopus
914 3075 1029 3148 statuit
1051 3073 1167 3146 lunen
1193 3090 1332 3144 oenum
1352 3074 1386 3146 iu
1409 3069 1529 3160 choro,

14 3171 15 3198 ¹
150 3191 185 3252 et
211 3203 278 3254 sex
305 3175 458 3250 cubicula
484 3175 751 3248 mercimonlalia
776 3171 1006 3270 in‘grudibus,
1032 3168 1075 3245 ad
1098 3171 1310 3246 nuciculam
1335 3172 1464 3262 lumen,
1488 3195 1530 3244 ac

411 3275 573 3350 tredecim
600 3274 642 3347 od
666 3298 833 3350 canonem
860 3274 1063 3350 solvendam
1093 3277 1268 3372 episeopo.

249 3449 288 3522 Ο.
338 3447 378 3520 ln
402 3449 540 3520 nomine
568 3455 683 3538 sancte
711 3455 746 3518 at
771 3443 937 3537 indiuidup
971 3446 1139 3518 trinitatis.
1190 3438 1526 3538 degenhardus

149 3549 203 3622 dei
230 3551 340 3644 gratia
366 3546 619 3644 herbipolensis
645 3549 839 3642 episcopus.
887 3545 1054 3632 Quoniam
1079 3545 1245 3616 memorio
1270 3541 1414 3614 humanu
1440 3562 1526 3612 cor-

147 3649 315 3746 rupiibilis
342 3659 409 3738 est,
436 3658 471 3719 et
497 3646 671 3720 obliuione
697 3645 873 3720 obliterari
899 3646 1003 3737 solet,
1027 3643 1213 3720 indicamus
1235 3643 1446 3716 uniuersitati
1461 3652 1528 3712 taur

148 3751 258 3840 future
285 3771 382 3842 quarn
407 3749 580 3844 presenti,
619 3745 709 3841 quod
742 3745 784 3818 ad
816 3745 983 3820 bonorem
1017 3747 1152 3841 patroni
1184 3745 1294 3818 nostri
1321 3744 1526 3818 sanctissimi

147 3853 294 3923 martiris
321 3849 457 3945 llyliani
484 3859 519 3920 at
536 3850 716 3922 sociorum
744 3849 818 3919 eius
844 3849 1021 3920 statuimus
1046 3845 1161 3916 lumen
1176 3865 1313 3936 cereum
1330 3841 1384 3914 die
1399 3852 1527 3914 nocte-

149 3973 213 4045 que
241 3949 364 4024 ardeus
393 3952 427 4020 in
453 3971 495 4022 oa
511 3959 608 4044 parte
631 3946 740 4037 ebori,
764 3946 821 4018 ubi
836 3949 945 4039 magis
966 3943 1131 4018 irradiare
1144 3947 1255 4041 possit
1272 3946 1524 4044 monasterium.

149 4051 334 4125 statuimus
371 4052 473 4122 edam
513 4047 750 4123 nouemdecim
790 4045 945 4120 cubicula
979 4044 1245 4120 mercimoniulia
1279 4048 1314 4118 iu
1354 4041 1528 4137 gradibus,
