3774 4728
491 545 494 556 ι
591 457 809 552 episcopatus
835 456 1128 554 wirsiburgensis.
1213 493 1237 556 ,-
1480 467 1555 544 229

167 656 253 740 berg,
278 652 450 718 Goteiridus
473 653 512 716 de
535 653 736 720 Sweraeuber
759 703 768 735 ,
792 656 896 720 siboto
910 657 948 720 de
962 657 1134 744 Jagtsperg
1155 659 1335 730 liartrnvdus
1349 663 1555 733 nescieran-

167 741 271 820 berch,
293 739 417 804 IIurrier
440 737 479 802 dc
502 739 704 826 Cllnginberg,
727 675 883 804 IIeinricus
906 742 944 806 (le
966 743 1157 826 Hittenbcim,
1180 744 1352 816 Gotelridus
1374 749 1413 812 de
1433 753 1555 836 Erlaclu,

166 825 371 890 wermundus
393 823 431 886 de
452 824 561 887 Eriaclr
584 833 614 886 et
634 825 791 888 Heinrieus
815 827 892 890 bitus
916 833 998 908 eius,
1020 829 1192 912 Waipcrtus
1215 831 1328 912 Tarso,
1355 833 1553 920 blanquardus

168 911 271 991 craso,
294 909 491 990 biarquardus
512 909 655 990 Oriauus,
679 911 837 974 Heinricus
860 911 1031 978 Wolioidus
1056 921 1086 976 et
1109 917 1156 978 alii
1180 935 1267 998 quern
1289 919 1402 1000 piures,

294 1031 371 1094 Acta
413 1038 481 1094 sunt
514 1029 572 1094 bec
607 1051 685 1094 antro
722 1031 869 1096 dominice
902 1037 1112 1112 incarnationis
1151 1035 1309 1100 millesimo
1345 1037 1553 1110 ducentesimo

166 1117 267 1182 XXX0·
280 1163 290 1198 ,
314 1121 415 1200 quinta
437 1117 552 1179 decima
574 1116 718 1180 kalendas
741 1118 904 1181 Februarii.

377 1306 446 1368 I'ria
469 1307 567 1390 sigilla
591 1307 773 1388 appendant:
799 1303 831 1382 I)
852 1307 1011 1370 iierrnanni
1028 1313 1161 1390 episcopi
1175 1307 1396 1394 herbipolensis
1404 1336 1412 1390 ;
1435 1311 1470 1392 2)
1486 1289 1552 1380 Lu-¹

378 1392 484 1456 demet
515 1392 600 1454 ducis
622 1392 784 1470 bavariae,
818 1401 1051 1474 repraesentans
1074 1393 1182 1457 ducem
1202 1403 1382 1477 equitantem
1404 1404 1555 1466 sinistram

376 1493 493 1556 uorsus,
514 1479 656 1540 vexilium
679 1486 839 1542 terrentem.
874 1479 905 1541 In
927 1483 1119 1560 inscriptione
1133 1482 1258 1565 legitur:
1281 1489 1323 1564 „i
1342 1483 1551 1558 Louuwtcr.

377 1562 450 1628 DEI.
475 1562 509 1626 G.
532 1611 540 1628 .
564 1611 571 1628 .
596 1563 660 1628 Cib
686 1564 766 1626 DVX
794 1563 1008 1630 BAWARIE.“
1057 1563 1091 1646 3)
1120 1565 1246 1648 Capituli
1275 1574 1397 1634 maioris
1419 1575 1553 1638 ecmesie

379 1648 639 1734 wirceburgensis.
683 1649 820 1734 Sigillum
842 1655 958 1716 conius
980 1650 1102 1734 Ruperti
1125 1651 1163 1714 de
1185 1651 1289 1718 liastcl
1309 1660 1407 1736 periit.

377 1766 494 1833 Editurn
515 1772 545 1830 in
568 1767 681 1851 Jacger
704 1767 883 1833 Gcsciciebte
904 1767 1127 1836 Franireniands
1149 1769 1196 1835 iii.
1219 1791 1289 1856 pag.
1299 1770 1363 1836 355
1383 1773 1436 1842 Νι.
1449 1777 1554 1847 xxiv,

767 2273 947 2345 CCXVIII.

462 2469 550 2536 Auno
577 2469 678 2552 1230.
713 2470 760 2537 19.
782 2473 931 2556 Augusti,
962 2471 1040 2553 apud
1063 2471 1254 2538 Smalialten.

169 2673 313 2746 Siiridue
341 2684 482 2746 sanctae
507 2679 726 2768 moguntinae
740 2675 833 2749 scits
863 2675 1141 2775 archippiscopus
1169 2700 1215 2748 err
1240 2675 1396 2748 mandato
1411 2625 1552 2752 buccis

168 2773 380 2869 apostolieae
407 2774 499 2847 sedis
526 2775 632 2868 legati
657 2775 976 2948 babenpppppppaepr
1002 2786 1038 2847 et
1063 2776 1339 2872 herbipolensem
1365 2781 1552 2930 episcopos

267 3043 292 3116 I.
321 3067 352 3114 n.
382 3043 413 3116 d.
442 3067 471 3116 e.
523 3041 596 3118 Nos
624 3043 660 3116 S.
688 3043 743 3116 dei
769 3048 878 3138 gratia
896 3055 1017 3118 sancte
1040 3045 1411 3139 moguntiuescdje
1430 3046 1550 3141 arciri-7

169 3145 361 3239 episcopus.
413 3143 575 3240 Accepto.
596 3142 752 3218 mandato
779 3144 988 3220 venerabilis
1014 3149 1120 3242 patris
1145 3145 1273 3220 domini
1299 3199 1307 3218 .
1333 3145 1373 3217 0.
1400 3156 1554 3242 aposto-¹

168 3242 232 3314 lice
261 3243 354 3316 sedis
379 3240 497 3338 legati,
523 3254 561 3317 vt
587 3243 629 3315 dc
655 3267 758 3318 causa
784 3248 1023 3319 controuersia
1050 3249 1138 3319 inter
1163 3243 1383 3318 honorabiles
1409 3245 1548 3320 iratres.

169 3341 588 3436 babenbergensem
614 3343 1554 3441 etherbipolensemepiscoposccgnosceremus,

171 3443 255 3518 etad
272 3443 543 3538 componendum
556 3448 644 3519 inter
657 3467 720 3518 ees
733 3447 1031 3540 interponeremus
1043 3456 1159 3540 partes
1174 3456 1322 3534 nostras,
1347 3448 1550 3523 auctoritate

170 3541 300 3630 cadem,
317 3554 352 3618 et
376 3547 514 3639 propria
539 3544 631 3634 irati,
656 3547 740 3640 ipsis
757 3549 930 3642 episcopis
954 3545 1044 3622 diem
1058 3545 1289 3642 deputauiaue
1306 3555 1386 3639 aput
1404 3543 1549 3619 Smai-

169 3639 327 3716 kaiten
354 3643 523 3718 ueniendi.
578 3643 859 3740 comparentibus
888 3656 1001 3738 autern
1038 3649 1122 3740 ipsis
1159 3668 1277 3718 coram
1309 3643 1409 3718 nobis
1446 3643 1550 3738 iidem

170 3741 293 3816 fraires
319 3751 512 3836 venerunt,
550 3767 687 3818 causam
721 3767 817 3818 suoru
849 3744 988 3818 arbitrio
1021 3756 1141 3818 nostro
1169 3741 1411 3836 termiuendam
1436 3743 1549 3839 tredi-

172 3840 302 3934 derunt‚
327 3841 393 3916 lide
419 3847 632 3940 interposita,
657 3844 749 3940 quoti
774 3844 985 3922 ordinacioni
1005 3855 1124 3920 nostre
1142 3856 1292 3921 starent.
1343 3843 1415 3921 Nos
1434 3847 1552 3938 itaque

174 3941 213 4012 ad
235 3943 480 4038 prouidendum
507 3943 667 4018 ecclesiis
694 3945 893 4038 eorundem,
920 3956 954 4018 et
980 3944 1022 4018 ad
1045 3945 1263 4040 precauenda
1287 3945 1447 4041 dampna,
1481 3966 1557 4040 que,
1639 3992 1643 3998 ·

172 4063 215 4132 cx
253 4053 423 4116 ‘tantorum
460 4048 647 4140 principum
689 4049 947 4121 concertatione
979 4056 1126 4140 possent
1165 4067 1368 4140 emergere,
1399 4043 1554 4140 babitare⁵
