<?xml version="1.0" encoding="UTF-8"?>
<!DOCTYPE html PUBLIC "-//W3C//DTD XHTML 1.0 Transitional//EN"
    "http://www.w3.org/TR/xhtml1/DTD/xhtml1-transitional.dtd">
<html xmlns="http://www.w3.org/1999/xhtml" xml:lang="en" lang="en">
 <head>
  <title>
</title>
<meta http-equiv="Content-Type" content="text/html;charset=utf-8" />
  <meta name='ocr-system' content='tesseract 3.04.00' />
  <meta name='ocr-capabilities' content='ocr_page ocr_carea ocr_par ocr_line ocrx_word'/>
</head>
<body>
  <div class='ocr_page' id='page_1' title='image "./monumentaboica00karagoog_0418.png"; bbox 0 0 3774 4728; ppageno 0'>
   <div class='ocr_carea' id='block_1_1' title="bbox 304 466 1108 555">
    <p class='ocr_par' dir='ltr' id='par_1_1' title="bbox 304 466 1108 555">
     <span class='ocr_line' id='line_1_1' title="bbox 304 466 1108 555; baseline -0.004 0"><span class='ocrx_word' id='word_1_1' title='bbox 304 471 390 555; x_wconf 63' lang='lat' dir='ltr'><strong>ido</strong></span> <span class='ocrx_word' id='word_1_2' title='bbox 725 523 730 530; x_wconf 91' lang='lat'>-</span> <span class='ocrx_word' id='word_1_3' title='bbox 890 466 1108 554; x_wconf 76' lang='lat' dir='ltr'><strong>iicnmmnu</strong></span> 
     </span>
    </p>
   </div>
   <div class='ocr_carea' id='block_1_2' title="bbox 312 674 1699 976">
    <p class='ocr_par' dir='ltr' id='par_1_2' title="bbox 312 674 1699 976">
     <span class='ocr_line' id='line_1_2' title="bbox 312 674 1698 769; baseline 0 -16"><span class='ocrx_word' id='word_1_4' title='bbox 312 679 411 753; x_wconf 87' lang='lat' dir='ltr'><strong>dictis</strong></span> <span class='ocrx_word' id='word_1_5' title='bbox 438 676 597 752; x_wconf 81' lang='lat' dir='ltr'><strong>iratribus</strong></span> <span class='ocrx_word' id='word_1_6' title='bbox 625 674 790 769; x_wconf 75' lang='lat' dir='ltr'>dedimus,</span> <span class='ocrx_word' id='word_1_7' title='bbox 815 681 850 751; x_wconf 92' lang='lat' dir='ltr'><strong>in</strong></span> <span class='ocrx_word' id='word_1_8' title='bbox 877 679 1029 752; x_wconf 89' lang='lat' dir='ltr'><strong>ecclesia</strong></span> <span class='ocrx_word' id='word_1_9' title='bbox 1045 691 1164 754; x_wconf 90' lang='lat' dir='ltr'><strong>nostra</strong></span> <span class='ocrx_word' id='word_1_10' title='bbox 1179 680 1326 754; x_wconf 88' lang='lat' dir='ltr'><strong>litteram</strong></span> <span class='ocrx_word' id='word_1_11' title='bbox 1343 677 1556 754; x_wconf 81' lang='lat' dir='ltr'><strong>consimilem</strong></span> <span class='ocrx_word' id='word_1_12' title='bbox 1572 701 1698 755; x_wconf 90' lang='lat' dir='ltr'><strong>reser-</strong></span> 
     </span>
     <span class='ocr_line' id='line_1_3' title="bbox 313 779 1699 877; baseline 0.002 -25"><span class='ocrx_word' id='word_1_13' title='bbox 313 791 445 853; x_wconf 89' lang='lat' dir='ltr'><strong>uantos.</strong></span> <span class='ocrx_word' id='word_1_14' title='bbox 498 779 624 852; x_wconf 80' lang='lat' dir='ltr'><strong>Actum</strong></span> <span class='ocrx_word' id='word_1_15' title='bbox 650 790 685 851; x_wconf 89' lang='lat' dir='ltr'><strong>et</strong></span> <span class='ocrx_word' id='word_1_16' title='bbox 711 779 823 852; x_wconf 89' lang='lat' dir='ltr'><strong>datum</strong></span> <span class='ocrx_word' id='word_1_17' title='bbox 861 801 950 852; x_wconf 91' lang='lat' dir='ltr'><strong>anno</strong></span> <span class='ocrx_word' id='word_1_18' title='bbox 991 781 1117 854; x_wconf 89' lang='lat' dir='ltr'><strong>domini</strong></span> <span class='ocrx_word' id='word_1_19' title='bbox 1142 780 1236 855; x_wconf 81' lang='lat' dir='ltr'><strong>nico</strong></span> <span class='ocrx_word' id='word_1_20' title='bbox 1272 785 1495 877; x_wconf 85' lang='lat' dir='ltr'><strong>sexagesimo</strong></span> <span class='ocrx_word' id='word_1_21' title='bbox 1532 781 1699 876; x_wconf 66' lang='lat' dir='ltr'><strong>secundo,</strong></span> 
     </span>
     <span class='ocr_line' id='line_1_4' title="bbox 312 879 1385 976; baseline 0.002 -24"><span class='ocrx_word' id='word_1_22' title='bbox 312 880 499 954; x_wconf 77' lang='lat' dir='ltr'><strong>indictione</strong></span> <span class='ocrx_word' id='word_1_23' title='bbox 525 879 608 971; x_wconf 61' lang='lat' dir='ltr'><strong>Vn,</strong></span> <span class='ocrx_word' id='word_1_24' title='bbox 632 882 667 951; x_wconf 91' lang='lat' dir='ltr'><strong>in</strong></span> <span class='ocrx_word' id='word_1_25' title='bbox 693 880 814 975; x_wconf 83' lang='lat' dir='ltr'><strong>vigilia</strong></span> <span class='ocrx_word' id='word_1_26' title='bbox 839 881 1074 976; x_wconf 88' lang='lat' dir='ltr'><strong>apostolorum</strong></span> <span class='ocrx_word' id='word_1_27' title='bbox 1100 881 1194 954; x_wconf 88' lang='lat' dir='ltr'><strong>Petri</strong></span> <span class='ocrx_word' id='word_1_28' title='bbox 1219 891 1255 954; x_wconf 84' lang='lat' dir='ltr'><strong>et</strong></span> <span class='ocrx_word' id='word_1_29' title='bbox 1279 882 1385 956; x_wconf 85' lang='lat' dir='ltr'><strong>Penii.</strong></span> 
     </span>
    </p>
   </div>
   <div class='ocr_carea' id='block_1_3' title="bbox 522 1050 1699 1220">
    <p class='ocr_par' dir='ltr' id='par_1_3' title="bbox 522 1050 1699 1220">
     <span class='ocr_line' id='line_1_5' title="bbox 523 1050 1699 1141; baseline 0.002 -25"><span class='ocrx_word' id='word_1_30' title='bbox 523 1050 801 1135; x_wconf 81' lang='lat' dir='ltr'><strong>Sigillum-maioris</strong></span> <span class='ocrx_word' id='word_1_31' title='bbox 822 1051 941 1132; x_wconf 82' lang='lat' dir='ltr'><strong>capituli</strong></span> <span class='ocrx_word' id='word_1_32' title='bbox 962 1051 1111 1132; x_wconf 66' lang='lat' dir='ltr'><strong>quondam</strong></span> <span class='ocrx_word' id='word_1_33' title='bbox 1134 1071 1298 1135; x_wconf 86' lang='lat' dir='ltr'><strong>appensum</strong></span> <span class='ocrx_word' id='word_1_34' title='bbox 1319 1060 1417 1138; x_wconf 77' lang='lat' dir='ltr'><strong>periti,</strong></span> <span class='ocrx_word' id='word_1_35' title='bbox 1438 1056 1569 1141; x_wconf 78' lang='lat' dir='ltr'><strong>sigilium</strong></span> <span class='ocrx_word' id='word_1_36' title='bbox 1590 1053 1699 1138; x_wconf 92' lang='lat' dir='ltr'><strong>bospi-</strong></span> 
     </span>
     <span class='ocr_line' id='line_1_6' title="bbox 522 1133 1377 1220; baseline 0.006 -21"><span class='ocrx_word' id='word_1_37' title='bbox 522 1137 590 1200; x_wconf 85' lang='lat' dir='ltr'><strong>talis</strong></span> <span class='ocrx_word' id='word_1_38' title='bbox 612 1135 643 1200; x_wconf 87' lang='lat' dir='ltr'><strong>S.</strong></span> <span class='ocrx_word' id='word_1_39' title='bbox 666 1133 808 1199; x_wconf 85' lang='lat' dir='ltr'><strong>lobannis</strong></span> <span class='ocrx_word' id='word_1_40' title='bbox 828 1141 859 1199; x_wconf 88' lang='lat' dir='ltr'><strong>tu</strong></span> <span class='ocrx_word' id='word_1_41' title='bbox 879 1135 1059 1202; x_wconf 79' lang='lat' dir='ltr'><strong>wirceburc</strong></span> <span class='ocrx_word' id='word_1_42' title='bbox 1082 1139 1230 1220; x_wconf 72' lang='lat' dir='ltr'><strong>appendet</strong></span> <span class='ocrx_word' id='word_1_43' title='bbox 1251 1140 1377 1204; x_wconf 87' lang='lat' dir='ltr'><strong>laesum.</strong></span> 
     </span>
    </p>
   </div>
   <div class='ocr_carea' id='block_1_4' title="bbox 523 1232 1699 1409">
    <p class='ocr_par' dir='ltr' id='par_1_4' title="bbox 523 1232 1699 1409">
     <span class='ocr_line' id='line_1_7' title="bbox 523 1232 1699 1409; baseline 0.009 -109"><span class='ocrx_word' id='word_1_44' title='bbox 523 1232 713 1409; x_wconf 46' lang='lat' dir='ltr'><strong>ignimur?</strong></span> <span class='ocrx_word' id='word_1_45' title='bbox 734 1241 860 1305; x_wconf 84' lang='lat' dir='ltr'><strong>suusuo</strong></span> <span class='ocrx_word' id='word_1_46' title='bbox 881 1235 1002 1306; x_wconf 81' lang='lat' dir='ltr'><strong>chartae</strong></span> <span class='ocrx_word' id='word_1_47' title='bbox 1024 1239 1166 1324; x_wconf 78' lang='lat' dir='ltr'><strong>leguntur</strong></span> <span class='ocrx_word' id='word_1_48' title='bbox 1186 1239 1281 1324; x_wconf 86' lang='lat' dir='ltr'><strong>pedes</strong></span> <span class='ocrx_word' id='word_1_49' title='bbox 1304 1242 1456 1308; x_wconf 86' lang='lat' dir='ltr'><strong>literarum</strong></span> <span class='ocrx_word' id='word_1_50' title='bbox 1477 1239 1563 1308; x_wconf 90' lang='lat' dir='ltr'><strong>verbi</strong></span> <span class='ocrx_word' id='word_1_51' title='bbox 1584 1241 1699 1326; x_wconf 77' lang='lat' dir='ltr'><strong>„Otro-</strong></span> 
     </span>
    </p>
   </div>
   <div class='ocr_carea' id='block_1_5' title="bbox 792 1746 1228 2022">
    <p class='ocr_par' dir='ltr' id='par_1_5' title="bbox 792 1746 1228 2022">
     <span class='ocr_line' id='line_1_8' title="bbox 932 1746 1089 1830; baseline 0 -2"><span class='ocrx_word' id='word_1_52' title='bbox 932 1746 1089 1830; x_wconf 77' lang='lat' dir='ltr'><strong>CGGLV.</strong></span> 
     </span>
     <span class='ocr_line' id='line_1_9' title="bbox 792 1933 1228 2022; baseline 0 -18"><span class='ocrx_word' id='word_1_53' title='bbox 792 1935 882 2004; x_wconf 79' lang='lat' dir='ltr'><strong>uno</strong></span> <span class='ocrx_word' id='word_1_54' title='bbox 905 1933 1009 2022; x_wconf 77' lang='lat' dir='ltr'><strong>mos,</strong></span> <span class='ocrx_word' id='word_1_55' title='bbox 1033 1935 1083 2008; x_wconf 78' lang='lat'><strong>14.</strong></span> <span class='ocrx_word' id='word_1_56' title='bbox 1104 1936 1228 2022; x_wconf 69' lang='lat' dir='ltr'><strong>unus.</strong></span> 
     </span>
    </p>
   </div>
   <div class='ocr_carea' id='block_1_6' title="bbox 319 2114 1703 2324">
    <p class='ocr_par' dir='ltr' id='par_1_6' title="bbox 319 2114 1703 2324">
     <span class='ocr_line' id='line_1_10' title="bbox 319 2114 1703 2224; baseline -0.001 -26"><span class='ocrx_word' id='word_1_57' title='bbox 319 2114 486 2198; x_wconf 86' lang='lat' dir='ltr'><strong>Statuium</strong></span> <span class='ocrx_word' id='word_1_58' title='bbox 512 2119 649 2218; x_wconf 90' lang='lat' dir='ltr'><strong>capituli</strong></span> <span class='ocrx_word' id='word_1_59' title='bbox 677 2123 818 2200; x_wconf 90' lang='lat' dir='ltr'><strong>maioris</strong></span> <span class='ocrx_word' id='word_1_60' title='bbox 845 2123 1019 2201; x_wconf 90' lang='lat' dir='ltr'><strong>ecclesiae</strong></span> <span class='ocrx_word' id='word_1_61' title='bbox 1043 2115 1297 2224; x_wconf 77' lang='lat' dir='ltr'><strong>herbipolensis</strong></span> <span class='ocrx_word' id='word_1_62' title='bbox 1332 2119 1376 2197; x_wconf 89' lang='lat' dir='ltr'><strong>de</strong></span> <span class='ocrx_word' id='word_1_63' title='bbox 1409 2119 1585 2198; x_wconf 87' lang='lat' dir='ltr'><strong>locatione</strong></span> <span class='ocrx_word' id='word_1_64' title='bbox 1611 2143 1703 2198; x_wconf 83' lang='lat' dir='ltr'><strong>can·-</strong></span> 
     </span>
     <span class='ocr_line' id='line_1_11' title="bbox 465 2219 1558 2324; baseline 0.003 -29"><span class='ocrx_word' id='word_1_65' title='bbox 465 2224 588 2318; x_wconf 78' lang='lat' dir='ltr'><strong>toriae,</strong></span> <span class='ocrx_word' id='word_1_66' title='bbox 615 2227 886 2324; x_wconf 77' lang='lat' dir='ltr'><strong>emancipatione</strong></span> <span class='ocrx_word' id='word_1_67' title='bbox 911 2225 1097 2302; x_wconf 89' lang='lat' dir='ltr'><strong>scolarium</strong></span> <span class='ocrx_word' id='word_1_68' title='bbox 1122 2237 1158 2300; x_wconf 88' lang='lat' dir='ltr'><strong>et</strong></span> <span class='ocrx_word' id='word_1_69' title='bbox 1182 2227 1381 2324; x_wconf 75' lang='lat' dir='ltr'><strong>receptione</strong></span> <span class='ocrx_word' id='word_1_70' title='bbox 1407 2219 1558 2298; x_wconf 83' lang='lat' dir='ltr'><strong>fratrum.</strong></span> 
     </span>
    </p>
   </div>
   <div class='ocr_carea' id='block_1_7' title="bbox 315 2391 1705 2990">
    <p class='ocr_par' dir='ltr' id='par_1_7' title="bbox 315 2391 1705 2990">
     <span class='ocr_line' id='line_1_12' title="bbox 415 2391 1701 2492; baseline 0.002 -24"><span class='ocrx_word' id='word_1_71' title='bbox 415 2393 439 2468; x_wconf 92' lang='lat'><strong>1.</strong></span> <span class='ocrx_word' id='word_1_72' title='bbox 466 2415 501 2468; x_wconf 91' lang='lat' dir='ltr'><strong>n.</strong></span> <span class='ocrx_word' id='word_1_73' title='bbox 528 2393 560 2467; x_wconf 95' lang='lat' dir='ltr'><strong>d.</strong></span> <span class='ocrx_word' id='word_1_74' title='bbox 587 2419 618 2469; x_wconf 81' lang='lat' dir='ltr'><strong>c.</strong></span> <span class='ocrx_word' id='word_1_75' title='bbox 670 2391 743 2472; x_wconf 88' lang='lat' dir='ltr'><strong>Nos</strong></span> <span class='ocrx_word' id='word_1_76' title='bbox 770 2395 887 2469; x_wconf 81' lang='lat' dir='ltr'><strong>arbitri</strong></span> <span class='ocrx_word' id='word_1_77' title='bbox 912 2395 951 2470; x_wconf 89' lang='lat' dir='ltr'><strong>B.</strong></span> <span class='ocrx_word' id='word_1_78' title='bbox 985 2395 1158 2490; x_wconf 75' lang='lat' dir='ltr'><strong>decanus,</strong></span> <span class='ocrx_word' id='word_1_79' title='bbox 1193 2391 1233 2470; x_wconf 91' lang='grc'><strong>0.</strong></span> <span class='ocrx_word' id='word_1_80' title='bbox 1273 2393 1621 2492; x_wconf 78' lang='lat' dir='ltr'><strong>debuterberg‚</strong></span> <span class='ocrx_word' id='word_1_81' title='bbox 1659 2393 1701 2470; x_wconf 81' lang='lat' dir='ltr'><strong>G.</strong></span> 
     </span>
     <span class='ocr_line' id='line_1_13' title="bbox 319 2492 1703 2595; baseline 0.002 -29"><span class='ocrx_word' id='word_1_82' title='bbox 319 2493 534 2586; x_wconf 76' lang='lat' dir='ltr'><strong>cellerarius,</strong></span> <span class='ocrx_word' id='word_1_83' title='bbox 556 2495 601 2568; x_wconf 88' lang='lat' dir='ltr'><strong>bl.</strong></span> <span class='ocrx_word' id='word_1_84' title='bbox 629 2495 672 2572; x_wconf 91' lang='lat' dir='ltr'><strong>de</strong></span> <span class='ocrx_word' id='word_1_85' title='bbox 696 2493 995 2593; x_wconf 76' lang='lat' dir='ltr'><strong>Numenburg,</strong></span> <span class='ocrx_word' id='word_1_86' title='bbox 1021 2495 1060 2569; x_wconf 89' lang='grc' dir='ltr'><strong>Ο.</strong></span> <span class='ocrx_word' id='word_1_87' title='bbox 1088 2505 1206 2572; x_wconf 85' lang='lat' dir='ltr'><strong>custos</strong></span> <span class='ocrx_word' id='word_1_88' title='bbox 1233 2493 1319 2569; x_wconf 82' lang='lat' dir='ltr'><strong>etc.</strong></span> <span class='ocrx_word' id='word_1_89' title='bbox 1342 2495 1558 2572; x_wconf 82' lang='lat' dir='ltr'><strong>scolasticus.</strong></span> <span class='ocrx_word' id='word_1_90' title='bbox 1586 2492 1703 2595; x_wconf 82' lang='lat' dir='ltr'><strong>Super</strong></span> 
     </span>
     <span class='ocr_line' id='line_1_14' title="bbox 317 2593 1704 2692; baseline 0.001 -23"><span class='ocrx_word' id='word_1_91' title='bbox 317 2593 532 2669; x_wconf 87' lang='lat' dir='ltr'><strong>ordinatione</strong></span> <span class='ocrx_word' id='word_1_92' title='bbox 557 2599 783 2692; x_wconf 82' lang='lat' dir='ltr'><strong>negociorum</strong></span> <span class='ocrx_word' id='word_1_93' title='bbox 809 2597 961 2672; x_wconf 88' lang='lat' dir='ltr'><strong>ecclesie</strong></span> <span class='ocrx_word' id='word_1_94' title='bbox 985 2607 1131 2690; x_wconf 77' lang='lat' dir='ltr'><strong>nostre,</strong></span> <span class='ocrx_word' id='word_1_95' title='bbox 1157 2594 1320 2671; x_wconf 85' lang='lat' dir='ltr'><strong>videlicet</strong></span> <span class='ocrx_word' id='word_1_96' title='bbox 1343 2595 1386 2669; x_wconf 91' lang='lat' dir='ltr'><strong>de</strong></span> <span class='ocrx_word' id='word_1_97' title='bbox 1411 2597 1585 2670; x_wconf 88' lang='lat' dir='ltr'><strong>locatione</strong></span> <span class='ocrx_word' id='word_1_98' title='bbox 1612 2607 1704 2671; x_wconf 83' lang='lat' dir='ltr'><strong>can&#39;-</strong></span> 
     </span>
     <span class='ocr_line' id='line_1_15' title="bbox 315 2697 1704 2796; baseline 0.001 -28"><span class='ocrx_word' id='word_1_99' title='bbox 315 2697 405 2768; x_wconf 84' lang='lat' dir='ltr'><strong>torio</strong></span> <span class='ocrx_word' id='word_1_100' title='bbox 431 2705 571 2784; x_wconf 90' lang='lat' dir='ltr'><strong>nostre,</strong></span> <span class='ocrx_word' id='word_1_101' title='bbox 613 2697 656 2770; x_wconf 91' lang='lat' dir='ltr'><strong>de</strong></span> <span class='ocrx_word' id='word_1_102' title='bbox 689 2697 961 2794; x_wconf 80' lang='lat' dir='ltr'><strong>emancipatione</strong></span> <span class='ocrx_word' id='word_1_103' title='bbox 988 2697 1172 2772; x_wconf 88' lang='lat' dir='ltr'><strong>scolarium</strong></span> <span class='ocrx_word' id='word_1_104' title='bbox 1206 2706 1240 2769; x_wconf 91' lang='lat' dir='ltr'><strong>et</strong></span> <span class='ocrx_word' id='word_1_105' title='bbox 1266 2697 1309 2768; x_wconf 94' lang='lat' dir='ltr'><strong>de</strong></span> <span class='ocrx_word' id='word_1_106' title='bbox 1334 2701 1534 2796; x_wconf 83' lang='lat' dir='ltr'><strong>receptione</strong></span> <span class='ocrx_word' id='word_1_107' title='bbox 1560 2697 1704 2772; x_wconf 85' lang='lat' dir='ltr'><strong>fratrum</strong></span> 
     </span>
     <span class='ocr_line' id='line_1_16' title="bbox 316 2794 1703 2896; baseline 0.003 -29"><span class='ocrx_word' id='word_1_108' title='bbox 316 2794 454 2892; x_wconf 87' lang='lat' dir='ltr'><strong>capituli</strong></span> <span class='ocrx_word' id='word_1_109' title='bbox 480 2797 678 2871; x_wconf 89' lang='lat' dir='ltr'><strong>concordati</strong></span> <span class='ocrx_word' id='word_1_110' title='bbox 704 2798 819 2870; x_wconf 90' lang='lat' dir='ltr'><strong>taliter</strong></span> <span class='ocrx_word' id='word_1_111' title='bbox 842 2803 1120 2895; x_wconf 79' lang='lat' dir='ltr'><strong>pronunciamus,</strong></span> <span class='ocrx_word' id='word_1_112' title='bbox 1146 2807 1182 2870; x_wconf 90' lang='lat' dir='ltr'><strong>et</strong></span> <span class='ocrx_word' id='word_1_113' title='bbox 1206 2796 1463 2896; x_wconf 88' lang='lat' dir='ltr'><strong>pronunciando</strong></span> <span class='ocrx_word' id='word_1_114' title='bbox 1488 2799 1605 2871; x_wconf 86' lang='lat' dir='ltr'><strong>taliter</strong></span> <span class='ocrx_word' id='word_1_115' title='bbox 1633 2797 1703 2871; x_wconf 90' lang='lat' dir='ltr'><strong>de-</strong></span> 
     </span>
     <span class='ocr_line' id='line_1_17' title="bbox 316 2896 1705 2990; baseline 0.001 -20"><span class='ocrx_word' id='word_1_116' title='bbox 316 2899 532 2970; x_wconf 88' lang='lat' dir='ltr'><strong>nominamus</strong></span> <span class='ocrx_word' id='word_1_117' title='bbox 558 2896 729 2970; x_wconf 89' lang='lat' dir='ltr'><strong>dominnm</strong></span> <span class='ocrx_word' id='word_1_118' title='bbox 756 2897 794 2969; x_wconf 84' lang='lat' dir='ltr'><strong>G.</strong></span> <span class='ocrx_word' id='word_1_119' title='bbox 822 2896 864 2970; x_wconf 91' lang='lat' dir='ltr'><strong>de</strong></span> <span class='ocrx_word' id='word_1_120' title='bbox 891 2897 1155 2972; x_wconf 80' lang='lat' dir='ltr'><strong>&#39;l&#39;beiebeim</strong></span> <span class='ocrx_word' id='word_1_121' title='bbox 1182 2907 1358 2970; x_wconf 91' lang='lat' dir='ltr'><strong>cantorem</strong></span> <span class='ocrx_word' id='word_1_122' title='bbox 1385 2897 1536 2973; x_wconf 88' lang='lat' dir='ltr'><strong>ecclesie</strong></span> <span class='ocrx_word' id='word_1_123' title='bbox 1560 2907 1705 2990; x_wconf 78' lang='lat' dir='ltr'><strong>nostre3</strong></span> 
     </span>
    </p>
   </div>
   <div class='ocr_carea' id='block_1_8' title="bbox 317 2994 1830 3096">
    <p class='ocr_par' dir='ltr' id='par_1_8' title="bbox 317 2994 1830 3096">
     <span class='ocr_line' id='line_1_18' title="bbox 317 2994 1830 3096; baseline 0.002 -28"><span class='ocrx_word' id='word_1_124' title='bbox 317 2998 399 3068; x_wconf 91' lang='lat' dir='ltr'><strong>item</strong></span> <span class='ocrx_word' id='word_1_125' title='bbox 425 2994 682 3073; x_wconf 89' lang='lat' dir='ltr'><strong>denominamus</strong></span> <span class='ocrx_word' id='word_1_126' title='bbox 707 2997 750 3070; x_wconf 90' lang='grc' dir='ltr'><strong>Η.</strong></span> <span class='ocrx_word' id='word_1_127' title='bbox 777 2995 820 3071; x_wconf 95' lang='lat' dir='ltr'><strong>de</strong></span> <span class='ocrx_word' id='word_1_128' title='bbox 846 2994 1133 3090; x_wconf 74' lang='lat' dir='ltr'><strong>Weicbmar‚</strong></span> <span class='ocrx_word' id='word_1_129' title='bbox 1156 2997 1196 3071; x_wconf 89' lang='lat' dir='ltr'><strong>B.</strong></span> <span class='ocrx_word' id='word_1_130' title='bbox 1231 2995 1274 3069; x_wconf 91' lang='lat' dir='ltr'><strong>de</strong></span> <span class='ocrx_word' id='word_1_131' title='bbox 1299 2997 1620 3095; x_wconf 76' lang='lat' dir='ltr'><strong>Hennenberg‚</strong></span> <span class='ocrx_word' id='word_1_132' title='bbox 1647 3002 1706 3096; x_wconf 85' lang='lat' dir='ltr'><strong>qui</strong></span> <span class='ocrx_word' id='word_1_133' title='bbox 1824 2999 1830 3013; x_wconf 85' lang='lat'>&#39;</span> 
     </span>
    </p>
   </div>
   <div class='ocr_carea' id='block_1_9' title="bbox 318 3094 1707 3994">
    <p class='ocr_par' dir='ltr' id='par_1_9' title="bbox 318 3094 1707 3994">
     <span class='ocr_line' id='line_1_19' title="bbox 318 3094 1704 3196; baseline 0.003 -29"><span class='ocrx_word' id='word_1_134' title='bbox 318 3094 362 3168; x_wconf 90' lang='lat' dir='ltr'><strong>dc</strong></span> <span class='ocrx_word' id='word_1_135' title='bbox 386 3099 587 3193; x_wconf 86' lang='lat' dir='ltr'><strong>receptione</strong></span> <span class='ocrx_word' id='word_1_136' title='bbox 613 3097 768 3172; x_wconf 90' lang='lat' dir='ltr'><strong>ordinum</strong></span> <span class='ocrx_word' id='word_1_137' title='bbox 794 3101 870 3171; x_wconf 91' lang='lat' dir='ltr'><strong>sine</strong></span> <span class='ocrx_word' id='word_1_138' title='bbox 903 3096 1041 3170; x_wconf 85' lang='lat' dir='ltr'><strong>licentia</strong></span> <span class='ocrx_word' id='word_1_139' title='bbox 1079 3098 1215 3194; x_wconf 84' lang='lat' dir='ltr'><strong>capituli</strong></span> <span class='ocrx_word' id='word_1_140' title='bbox 1254 3095 1442 3196; x_wconf 79' lang='lat' dir='ltr'><strong>satisfaciet</strong></span> <span class='ocrx_word' id='word_1_141' title='bbox 1476 3099 1624 3196; x_wconf 81' lang='lat' dir='ltr'><strong>capitulo</strong></span> <span class='ocrx_word' id='word_1_142' title='bbox 1659 3099 1704 3172; x_wconf 88' lang='lat' dir='ltr'><strong>ad</strong></span> 
     </span>
     <span class='ocr_line' id='line_1_20' title="bbox 320 3191 1701 3296; baseline 0.004 -29"><span class='ocrx_word' id='word_1_143' title='bbox 320 3195 683 3291; x_wconf 80' lang='lat' dir='ltr'><strong>consiliumnostrum‚</strong></span> <span class='ocrx_word' id='word_1_144' title='bbox 708 3193 1103 3296; x_wconf 62' lang='lat' dir='ltr'><strong>vinopetionem,</strong></span> <span class='ocrx_word' id='word_1_145' title='bbox 1129 3197 1245 3271; x_wconf 82' lang='lat' dir='ltr'><strong>liert.</strong></span> <span class='ocrx_word' id='word_1_146' title='bbox 1274 3191 1583 3296; x_wconf 85' lang='lat' dir='ltr'><strong>dellirchberg</strong></span> <span class='ocrx_word' id='word_1_147' title='bbox 1609 3209 1644 3273; x_wconf 91' lang='lat' dir='ltr'><strong>et</strong></span> <span class='ocrx_word' id='word_1_148' title='bbox 1670 3255 1701 3272; x_wconf 92' lang='lat'><strong>..</strong></span> 
     </span>
     <span class='ocr_line' id='line_1_21' title="bbox 319 3293 1707 3394; baseline 0.006 -27"><span class='ocrx_word' id='word_1_149' title='bbox 319 3295 362 3368; x_wconf 90' lang='lat' dir='ltr'><strong>de</strong></span> <span class='ocrx_word' id='word_1_150' title='bbox 387 3293 666 3388; x_wconf 74' lang='lat' dir='ltr'><strong>Zabelsteim</strong></span> <span class='ocrx_word' id='word_1_151' title='bbox 693 3295 730 3369; x_wconf 82' lang='grc' dir='ltr'><strong>Ο.</strong></span> <span class='ocrx_word' id='word_1_152' title='bbox 759 3295 802 3370; x_wconf 91' lang='lat' dir='ltr'><strong>de</strong></span> <span class='ocrx_word' id='word_1_153' title='bbox 827 3297 1040 3394; x_wconf 69' lang='lat' dir='ltr'><strong>Hobinberg‚</strong></span> <span class='ocrx_word' id='word_1_154' title='bbox 1065 3299 1103 3372; x_wconf 91' lang='lat' dir='ltr'><strong>B.</strong></span> <span class='ocrx_word' id='word_1_155' title='bbox 1131 3297 1370 3390; x_wconf 72' lang='lat' dir='ltr'><strong>tensione,</strong></span> <span class='ocrx_word' id='word_1_156' title='bbox 1397 3353 1432 3372; x_wconf 92' lang='lat'><strong>..</strong></span> <span class='ocrx_word' id='word_1_157' title='bbox 1459 3297 1707 3374; x_wconf 84' lang='lat' dir='ltr'><strong>debewen-</strong></span> 
     </span>
     <span class='ocr_line' id='line_1_22' title="bbox 320 3395 1706 3498; baseline 0.003 -28"><span class='ocrx_word' id='word_1_158' title='bbox 320 3399 442 3470; x_wconf 90' lang='lat' dir='ltr'><strong>stein</strong></span> <span class='ocrx_word' id='word_1_159' title='bbox 469 3419 489 3469; x_wconf 89' lang='lat' dir='ltr'><strong>a</strong></span> <span class='ocrx_word' id='word_1_160' title='bbox 515 3395 621 3472; x_wconf 91' lang='lat' dir='ltr'><strong>scolis</strong></span> <span class='ocrx_word' id='word_1_161' title='bbox 649 3419 731 3472; x_wconf 90' lang='lat' dir='ltr'><strong>csse</strong></span> <span class='ocrx_word' id='word_1_162' title='bbox 757 3401 1002 3496; x_wconf 74' lang='lat' dir='ltr'><strong>emancipatos,</strong></span> <span class='ocrx_word' id='word_1_163' title='bbox 1028 3403 1233 3490; x_wconf 72' lang='lat' dir='ltr'><strong>intonen,</strong></span> <span class='ocrx_word' id='word_1_164' title='bbox 1260 3397 1349 3494; x_wconf 88' lang='lat' dir='ltr'><strong>quod</strong></span> <span class='ocrx_word' id='word_1_165' title='bbox 1373 3397 1515 3495; x_wconf 76' lang='lat' dir='ltr'><strong>prelati,</strong></span> <span class='ocrx_word' id='word_1_166' title='bbox 1552 3403 1706 3498; x_wconf 83' lang='lat' dir='ltr'><strong>quinon</strong></span> 
     </span>
     <span class='ocr_line' id='line_1_23' title="bbox 320 3495 1705 3596; baseline 0.003 -26"><span class='ocrx_word' id='word_1_167' title='bbox 320 3505 399 3570; x_wconf 89' lang='lat' dir='ltr'><strong>sunt</strong></span> <span class='ocrx_word' id='word_1_168' title='bbox 424 3499 460 3568; x_wconf 90' lang='lat' dir='ltr'><strong>in</strong></span> <span class='ocrx_word' id='word_1_169' title='bbox 482 3495 592 3570; x_wconf 90' lang='lat' dir='ltr'><strong>studio</strong></span> <span class='ocrx_word' id='word_1_170' title='bbox 620 3495 775 3592; x_wconf 84' lang='lat' dir='ltr'><strong>generali</strong></span> <span class='ocrx_word' id='word_1_171' title='bbox 801 3509 836 3571; x_wconf 87' lang='lat' dir='ltr'><strong>et</strong></span> <span class='ocrx_word' id='word_1_172' title='bbox 861 3499 939 3575; x_wconf 87' lang='lat' dir='ltr'><strong>aliis</strong></span> <span class='ocrx_word' id='word_1_173' title='bbox 963 3499 1201 3596; x_wconf 89' lang='lat' dir='ltr'><strong>inpedimentis</strong></span> <span class='ocrx_word' id='word_1_174' title='bbox 1226 3497 1402 3594; x_wconf 86' lang='lat' dir='ltr'><strong>legitttmis</strong></span> <span class='ocrx_word' id='word_1_175' title='bbox 1428 3499 1546 3594; x_wconf 81' lang='lat' dir='ltr'><strong>ligati,</strong></span> <span class='ocrx_word' id='word_1_176' title='bbox 1580 3497 1705 3574; x_wconf 83' lang='lat' dir='ltr'><strong>delient</strong></span> 
     </span>
     <span class='ocr_line' id='line_1_24' title="bbox 320 3595 1704 3696; baseline 0.006 -29"><span class='ocrx_word' id='word_1_177' title='bbox 320 3595 363 3667; x_wconf 87' lang='lat' dir='ltr'><strong>ad</strong></span> <span class='ocrx_word' id='word_1_178' title='bbox 388 3599 566 3694; x_wconf 85' lang='lat' dir='ltr'><strong>proximos</strong></span> <span class='ocrx_word' id='word_1_179' title='bbox 594 3597 732 3671; x_wconf 90' lang='lat' dir='ltr'><strong>ordines</strong></span> <span class='ocrx_word' id='word_1_180' title='bbox 748 3597 791 3670; x_wconf 91' lang='lat' dir='ltr'><strong>ad</strong></span> <span class='ocrx_word' id='word_1_181' title='bbox 806 3598 1068 3672; x_wconf 87' lang='lat' dir='ltr'><strong>subdiaconatus</strong></span> <span class='ocrx_word' id='word_1_182' title='bbox 1083 3598 1236 3672; x_wconf 88' lang='lat' dir='ltr'><strong>ordinem</strong></span> <span class='ocrx_word' id='word_1_183' title='bbox 1251 3602 1462 3696; x_wconf 81' lang='lat' dir='ltr'><strong>promoueri,</strong></span> <span class='ocrx_word' id='word_1_184' title='bbox 1488 3611 1523 3672; x_wconf 89' lang='lat' dir='ltr'><strong>et</strong></span> <span class='ocrx_word' id='word_1_185' title='bbox 1540 3604 1572 3676; x_wconf 89' lang='lat' dir='ltr'><strong>si</strong></span> <span class='ocrx_word' id='word_1_186' title='bbox 1584 3609 1704 3674; x_wconf 84' lang='lat' dir='ltr'><strong>contra</strong></span> 
     </span>
     <span class='ocr_line' id='line_1_25' title="bbox 320 3695 1705 3796; baseline 0.004 -28"><span class='ocrx_word' id='word_1_187' title='bbox 320 3695 389 3769; x_wconf 90' lang='lat' dir='ltr'><strong>boc</strong></span> <span class='ocrx_word' id='word_1_188' title='bbox 413 3699 594 3789; x_wconf 71' lang='lat' dir='ltr'><strong>uenerint,</strong></span> <span class='ocrx_word' id='word_1_189' title='bbox 628 3699 664 3771; x_wconf 91' lang='lat' dir='ltr'><strong>in</strong></span> <span class='ocrx_word' id='word_1_190' title='bbox 702 3697 817 3774; x_wconf 90' lang='lat' dir='ltr'><strong>scolas</strong></span> <span class='ocrx_word' id='word_1_191' title='bbox 851 3703 974 3772; x_wconf 87' lang='lat' dir='ltr'><strong>iterum</strong></span> <span class='ocrx_word' id='word_1_192' title='bbox 1001 3699 1224 3772; x_wconf 85' lang='lat' dir='ltr'><strong>retrudantur.</strong></span> <span class='ocrx_word' id='word_1_193' title='bbox 1278 3697 1462 3774; x_wconf 83' lang='lat' dir='ltr'><strong>Statnimus</strong></span> <span class='ocrx_word' id='word_1_194' title='bbox 1503 3705 1633 3796; x_wconf 85' lang='lat' dir='ltr'><strong>eciam,</strong></span> <span class='ocrx_word' id='word_1_195' title='bbox 1668 3711 1705 3774; x_wconf 89' lang='lat' dir='ltr'><strong>ut</strong></span> 
     </span>
     <span class='ocr_line' id='line_1_26' title="bbox 321 3795 1705 3896; baseline 0.005 -28"><span class='ocrx_word' id='word_1_196' title='bbox 321 3795 505 3893; x_wconf 85' lang='lat' dir='ltr'><strong>diligentes</strong></span> <span class='ocrx_word' id='word_1_197' title='bbox 532 3799 600 3873; x_wconf 90' lang='lat' dir='ltr'><strong>sint</strong></span> <span class='ocrx_word' id='word_1_198' title='bbox 624 3801 659 3870; x_wconf 89' lang='lat' dir='ltr'><strong>in</strong></span> <span class='ocrx_word' id='word_1_199' title='bbox 685 3797 792 3872; x_wconf 91' lang='lat' dir='ltr'><strong>choro</strong></span> <span class='ocrx_word' id='word_1_200' title='bbox 820 3809 855 3872; x_wconf 90' lang='lat' dir='ltr'><strong>et</strong></span> <span class='ocrx_word' id='word_1_201' title='bbox 879 3822 942 3896; x_wconf 92' lang='lat' dir='ltr'><strong>pro</strong></span> <span class='ocrx_word' id='word_1_202' title='bbox 969 3821 1009 3874; x_wconf 89' lang='lat' dir='ltr'><strong>se</strong></span> <span class='ocrx_word' id='word_1_203' title='bbox 1029 3799 1245 3873; x_wconf 86' lang='lat' dir='ltr'><strong>incantando</strong></span> <span class='ocrx_word' id='word_1_204' title='bbox 1262 3809 1296 3872; x_wconf 89' lang='lat' dir='ltr'><strong>et</strong></span> <span class='ocrx_word' id='word_1_205' title='bbox 1312 3799 1462 3896; x_wconf 85' lang='lat' dir='ltr'><strong>legendo</strong></span> <span class='ocrx_word' id='word_1_206' title='bbox 1479 3821 1560 3876; x_wconf 91' lang='lat' dir='ltr'><strong>suas</strong></span> <span class='ocrx_word' id='word_1_207' title='bbox 1579 3801 1705 3875; x_wconf 84' lang='lat' dir='ltr'><strong>iaciant</strong></span> 
     </span>
     <span class='ocr_line' id='line_1_27' title="bbox 322 3897 1705 3994; baseline 0.001 -22"><span class='ocrx_word' id='word_1_208' title='bbox 322 3899 529 3994; x_wconf 86' lang='lat' dir='ltr'><strong>septimanas</strong></span> <span class='ocrx_word' id='word_1_209' title='bbox 556 3897 757 3972; x_wconf 83' lang='lat' dir='ltr'><strong>stallorum</strong></span> <span class='ocrx_word' id='word_1_210' title='bbox 785 3901 1028 3974; x_wconf 88' lang='lat' dir='ltr'><strong>canonicorum</strong></span> <span class='ocrx_word' id='word_1_211' title='bbox 1055 3922 1192 3974; x_wconf 89' lang='lat' dir='ltr'><strong>suorum</strong></span> <span class='ocrx_word' id='word_1_212' title='bbox 1218 3903 1381 3972; x_wconf 92' lang='lat' dir='ltr'><strong>maiorum</strong></span> <span class='ocrx_word' id='word_1_213' title='bbox 1414 3903 1447 3973; x_wconf 92' lang='lat' dir='ltr'><strong>in</strong></span> <span class='ocrx_word' id='word_1_214' title='bbox 1476 3901 1642 3976; x_wconf 83' lang='lat' dir='ltr'><strong>cantando</strong></span> <span class='ocrx_word' id='word_1_215' title='bbox 1669 3911 1705 3976; x_wconf 92' lang='lat' dir='ltr'><strong>et</strong></span> 
     </span>
    </p>
   </div>
   <div class='ocr_carea' id='block_1_10' title="bbox 320 3995 1703 4206">
    <p class='ocr_par' dir='ltr' id='par_1_10' title="bbox 320 3995 1703 4206">
     <span class='ocr_line' id='line_1_28' title="bbox 320 3995 1703 4100; baseline 0.006 -32"><span class='ocrx_word' id='word_1_216' title='bbox 320 3995 472 4092; x_wconf 82' lang='lat' dir='ltr'><strong>legendo</strong></span> <span class='ocrx_word' id='word_1_217' title='bbox 499 4001 594 4072; x_wconf 88' lang='lat' dir='ltr'><strong>uices</strong></span> <span class='ocrx_word' id='word_1_218' title='bbox 621 3998 825 4096; x_wconf 83' lang='lat' dir='ltr'><strong>suppleant,</strong></span> <span class='ocrx_word' id='word_1_219' title='bbox 850 3999 983 4096; x_wconf 86' lang='lat' dir='ltr'><strong>qnando</strong></span> <span class='ocrx_word' id='word_1_220' title='bbox 1009 4000 1050 4073; x_wconf 88' lang='lat' dir='ltr'><strong>ab</strong></span> <span class='ocrx_word' id='word_1_221' title='bbox 1076 4003 1160 4100; x_wconf 89' lang='lat' dir='ltr'><strong>ipsis</strong></span> <span class='ocrx_word' id='word_1_222' title='bbox 1186 3999 1312 4073; x_wconf 81' lang='lat' dir='ltr'><strong>brerint</strong></span> <span class='ocrx_word' id='word_1_223' title='bbox 1336 4001 1501 4098; x_wconf 84' lang='lat' dir='ltr'><strong>requisiti.</strong></span> <span class='ocrx_word' id='word_1_224' title='bbox 1549 4001 1634 4076; x_wconf 89' lang='lat' dir='ltr'><strong>Item</strong></span> <span class='ocrx_word' id='word_1_225' title='bbox 1661 4001 1703 4076; x_wconf 90' lang='lat' dir='ltr'><strong>de</strong></span> 
     </span>
     <span class='ocr_line' id='line_1_29' title="bbox 324 4093 1702 4206; baseline 0 -32"><span class='ocrx_word' id='word_1_226' title='bbox 324 4095 400 4176; x_wconf 81' lang='lat' dir='ltr'><strong>atus</strong></span> <span class='ocrx_word' id='word_1_227' title='bbox 427 4095 535 4172; x_wconf 86' lang='lat' dir='ltr'><strong>adbuc</strong></span> <span class='ocrx_word' id='word_1_228' title='bbox 559 4101 594 4173; x_wconf 89' lang='lat' dir='ltr'><strong>in</strong></span> <span class='ocrx_word' id='word_1_229' title='bbox 628 4097 738 4176; x_wconf 90' lang='lat' dir='ltr'><strong>scolis</strong></span> <span class='ocrx_word' id='word_1_230' title='bbox 762 4093 997 4195; x_wconf 83' lang='lat' dir='ltr'><strong>manentibus,</strong></span> <span class='ocrx_word' id='word_1_231' title='bbox 1037 4101 1172 4175; x_wconf 85' lang='lat' dir='ltr'><strong>scilicet</strong></span> <span class='ocrx_word' id='word_1_232' title='bbox 1188 4154 1222 4174; x_wconf 90' lang='lat'><strong>..</strong></span> <span class='ocrx_word' id='word_1_233' title='bbox 1251 4097 1295 4176; x_wconf 92' lang='lat' dir='ltr'><strong>de</strong></span> <span class='ocrx_word' id='word_1_234' title='bbox 1328 4097 1702 4206; x_wconf 74' lang='lat' dir='ltr'><strong>Sebullreliugen,</strong></span> 
     </span>
    </p>
   </div>
   <div class='ocr_carea' id='block_1_11' title="bbox 0 0 1898 4728">
    <p class='ocr_par' dir='ltr' id='par_1_11' title="bbox 0 0 1898 4728">
     <span class='ocr_line' id='line_1_30' title="bbox 0 0 1898 4728; baseline 0 0"><span class='ocrx_word' id='word_1_235' title='bbox 0 0 1898 4728; x_wconf 95' lang='lat' dir='ltr'><strong> </strong></span> 
     </span>
    </p>
   </div>
  </div>
 </body>
</html>
