3774 4728
579 489 795 586 episcopatus
820 488 1121 583 wirziburgensis.
1482 485 1554 564 tou

164 687 328 761 fossionis
354 688 454 778 dicat,
481 709 521 761 se
545 687 673 761 habere
699 689 871 762 licentiam
897 700 932 762 et
957 699 1081 786 postea
1106 691 1286 780 negauerit
1312 693 1344 765 in
1361 693 1474 766 medio
1492 695 1549 765 uei

164 792 197 860 in
230 787 321 879 line,
361 788 403 860 ad
430 789 645 861 sacerdotem
672 811 769 862 suum
807 795 881 862 sine
922 791 1107 887 penitentia
1143 791 1341 863 remittatur.
1396 791 1433 865 Si
1459 815 1548 866 varo

164 887 289 960 dixerit
316 893 456 984 saquis
484 913 548 962 suo
576 889 708 986 prelato
736 889 933 964 confossum
960 892 1144 986 requisitus
1159 910 1176 978 5
1195 886 1342 964 tideiitar
1369 896 1553 990 recipiatur

164 989 205 1060 ad
231 988 488 1062 confessionem
515 1001 550 1062 ct
574 993 759 1086 penitentia
786 995 989 1086 iniungatur.
1019 989 1140 1062 Vocati
1155 987 1197 1059 ad
1213 991 1393 1083 capitulum
1410 997 1550 1065 maioris
1664 1027 1672 1036 ·

165 1089 328 1179 ecclesie,
355 1111 430 1162 cam
455 1093 647 1164 necessitas
686 1091 883 1182 inminebit‚
917 1095 1059 1164 venient
1094 1089 1135 1160 ad
1176 1087 1317 1164 dandum
1357 1093 1551 1184 consilium,

165 1189 326 1261 auxilium
354 1201 387 1262 et
412 1191 565 1262 lauorem
593 1213 696 1286 super
719 1190 875 1263 libertate
903 1201 936 1263 et
951 1193 1147 1263 inmunitate
1166 1187 1388 1265 ecclesiarum
1404 1197 1550 1266 omnium

166 1299 200 1363 at
225 1311 451 1386 personarum
479 1291 804 1382 ecclesiasticarum,
831 1292 1070 1385 religiosarum
1099 1301 1133 1364 et
1145 1289 1350 1364 secularium
1378 1305 1411 1366 et
1437 1315 1550 1366 rerum

166 1390 297 1464 eisdem
324 1393 574 1487 pertinentium.
595 1390 621 1483 ¹]
671 1391 717 1463 Vt
743 1403 854 1464 autem
882 1392 958 1483 hec,
984 1415 1049 1486 quc
1077 1393 1326 1486 scripnasium,
1360 1398 1395 1465 in
1421 1415 1552 1491 porpe-

164 1501 255 1564 tuum
292 1487 432 1564 ltrmiter
471 1503 505 1564 et
543 1491 784 1564 inuiolabiliter
824 1493 1073 1581 obstruamur,
1114 1512 1258 1587 presens
1295 1497 1553 1566 instrumentum

166 1591 361 1688 superbiis
389 1591 431 1664 de
459 1595 602 1688 partium
630 1615 801 1665 consensu
837 1593 1028 1666 conlectum
1057 1590 1267 1664 venerahilis
1293 1597 1399 1689 patris
1427 1593 1553 1668 domini

164 1693 282 1786 iringi
311 1695 466 1787 episcopi
491 1691 744 1788 herbipolensis
772 1704 806 1764 ct
832 1696 971 1766 maioris
999 1693 1151 1766 ecclesie
1185 1693 1378 1789 priorisque
1405 1697 1551 1790 prouin-

167 1792 264 1864 ciaiis
291 1793 457 1864 dictorum
484 1791 623 1865 lratrum
650 1793 778 1888 ordinis
806 1798 913 1865 sancti
931 1796 1113 1886 Augustini
1139 1793 1427 1890 perAiemaniam
1444 1795 1550 1888 sigil-

166 1895 276 1965 lorum
304 1892 576 1990 inpressiouibus
604 1903 656 1966 est
684 1897 855 1966 munitum.
908 1893 996 1964 Acta
1023 1903 1103 1966 sunt
1128 1891 1191 1963 hec
1217 1895 1251 1963 in
1268 1893 1446 1990 Herbipoli
1463 1917 1553 1966 anno

167 1993 207 2064 ab
234 1997 468 2066 incarnatione
494 1994 619 2066 domini
644 1993 876 2082 tricentur,
912 1993 1096 2066 indictione
1123 2003 1243 2080 sexta,
1276 1991 1331 2066 lii.
1359 1993 1434 2068 idus
1460 1995 1553 2086 Maii,

165 2093 291 2166 domini
318 2093 423 2187 iringi
450 2093 703 2188 herbipolensis
731 2097 886 2190 episcopi
912 2093 1126 2189 pontificatus
1153 2116 1242 2164 anno
1271 2093 1313 2166 X.

377 2293 480 2378 Sigiiia
503 2313 635 2376 appensa
657 2295 776 2375 capituli
805 2297 925 2356 maioris
953 2301 982 2355 ct
1014 2295 1122 2374 prioris
1153 2291 1343 2374 provincialis
1377 2293 1488 2356 ordirds
1522 2293 1553 2358 S.

371 2381 533 2465 Augustini
556 2381 638 2442 iuosa
661 2387 747 2455 sunt3
769 2381 900 2462 sigilium
922 2380 1014 2464 irtrrgt
1036 2381 1131 2459 periit.

382 2492 406 2572 ¹)
429 2493 551 2557 charta:
575 2492 847 2576 „pertinentiltus“.

760 2929 946 3004 ccunvtt.

671 3133 760 3196 Anno
784 3127 887 3210 l263.,
915 3129 940 3194 1.
964 3131 1051 3194 Junti.

167 3321 296 3418 Gpseia
324 3321 366 3392 de
393 3321 652 3407 Hemersheim„
688 3341 786 3390 manu
826 3321 934 3390 mariti
970 3321 1021 3390 sui
1049 3315 1183 3390 Ottonis
1222 3321 1407 3412 pincernae
1432 3315 1548 3410 iringo

166 3421 397 3518 herbipolensi
433 3425 597 3516 episcopo
637 3419 753 3492 vendit
786 3441 848 3514 pro
884 3417 941 3490 OG
977 3420 1100 3490 marcis
1139 3423 1270 3512 argenti
1312 3419 1423 3489 omnia
1461 3415 1551 3488 bona

167 3543 241 3610 sua³
268 3545 354 3618 quae
382 3520 536 3618 possidet
561 3543 607 3592 ex
633 3519 820 3591 hereditate
845 3529 999 3614 paterna,
1023 3521 1100 3590 sive
1126 3521 1159 3590 in
1188 3518 1278 3606 dote,
1305 3515 1550 3589 veiexdona-

166 3625 259 3694 tione
286 3633 342 3694 aut
366 3622 542 3715 legatione
556 3620 680 3698 ,bonae
707 3622 894 3691 memoriae
908 3616 1052 3690 Gotiridi
1079 3617 1121 3690 do
1141 3617 1416 3708 Sauwensheim,
1442 3617 1550 3688 mariti

712 3721 765 3792 sui
791 3721 1009 3816 praemortui.

268 3891 468 3966 innomine
505 3893 630 3965 domini
666 3913 777 3962 amen.
836 3891 912 3985 ligo
952 3889 1122 3987 Gysciu
1163 3887 1205 3960 de
1245 3887 1549 3961 Hemersheim

168 3994 334 4066 conliteor
360 4005 394 4066 et
417 4005 533 4065 notum
558 3991 647 4064 facio
679 3994 875 4078 uniuersis„
914 3991 1003 4085 quod
1044 4011 1144 4062 manu
1181 3989 1296 4062 dilecti
1335 3992 1444 4061 mariti
1481 3992 1548 4061 mei

168 4093 347 4168 Ottonis
385 4098 548 4190 pincerne
573 4091 779 4186 coadunata,
818 4094 968 4188 acceptis
1010 4115 1029 4163 a
1063 4089 1266 4165 venarabili.
1297 4090 1433 4164 domino
1470 4111 1549 4164 meo

192 4238 244 4288 lon·
259 4237 310 4281 Boia.
327 4237 367 4278 tal.
382 4237 468 4282 mitt.
483 4247 528 4280 nor.
544 4238 591 4280 coil.
608 4235 629 4282 Χ.
1169 4191 1216 4274 52.
