3774 4728
341 445 415 534 tta
916 438 1134 530 llontrmenta
1191 493 1195 504 ι

341 677 431 729 vero
456 654 577 750 aliquis
601 663 756 730 nostram
783 651 928 751 aliquem
962 665 1081 730 contra
1113 652 1307 752 'predictam
1342 649 1485 726 formam
1525 649 1725 740 defenderit,

341 761 418 854 ipso
442 755 535 828 lacto
561 780 581 828 a
605 756 745 829 fratrum
772 760 949 829 consortio
975 762 1019 830 sit
1045 759 1190 846 eiectus,
1217 765 1252 826 at
1274 776 1345 828 non
1366 757 1563 849 recipietur,
1589 756 1656 824 nisi
1683 751 1724 822 de

344 859 513 929 communi
540 877 712 930 consensu
741 855 888 952 capituli.
939 855 1024 928 Item
1051 859 1081 930 si
1107 855 1263 930 dominus
1289 858 1485 952 prepositus
1518 864 1553 926 et
1577 852 1726 926 decanus

341 977 509 1030 canonem
536 954 578 1028 de
605 954 832 1029 oblationibus
859 959 930 1028 suis
956 959 1336 1052 postammonitionem,
1364 965 1400 1026 ut
1425 953 1633 1042 dictumest,
1658 974 1728 1024 non

341 1056 531 1143 soluerint,
565 1077 628 1151 pro
652 1054 805 1150 quolibet
829 1077 949 1128 eorum
973 1079 1060 1129 unus
1088 1059 1273 1128 canonicus
1299 1054 1484 1127 claustrum
1509 1052 1645 1126 intrabit
1670 1051 1729 1124 uel

340 1155 571 1253 personaliter
595 1159 682 1252 ipsi,
721 1155 799 1227 inde
831 1155 926 1228 nullo
957 1167 1112 1252 tempore
1139 1158 1286 1246 exituri,
1322 1158 1388 1226 nisi
1414 1175 1547 1227 canone
1572 1154 1728 1250 plenarie

340 1255 540 1352 persoluto,
580 1278 655 1327 cnm
682 1258 911 1351 suspensione
935 1254 1182 1351 prebendarum
1210 1273 1345 1327 suarum
1373 1253 1558 1329 secundum
1584 1254 1730 1326 formam

340 1354 578 1451 supradictam.
632 1355 783 1428 Termini
810 1354 1016 1428 solutionum
1044 1358 1077 1427 in
1103 1355 1252 1428 denariis
1279 1366 1460 1427 seruentur
1475 1357 1608 1428 statutis
1632 1365 1728 1426 tem-

339 1455 480 1552 poribus
507 1453 547 1524 ab
574 1457 722 1550 antiquo.
773 1453 897 1528 Vinum
924 1466 960 1528 et
985 1477 1118 1528 annona
1146 1454 1259 1528 solnta
1285 1458 1353 1527 sint
1379 1466 1456 1527 ante
1472 1453 1596 1526 festum
1623 1453 1728 1550 Epp-

342 1554 488 1652 phanie3
515 1557 545 1626 si
571 1558 739 1650 quivero
767 1553 929 1628 absentes
955 1555 1093 1644 inerint,
1119 1566 1154 1626 et
1179 1578 1247 1627 non
1275 1559 1534 1649 procurauerint
1560 1573 1729 1626 canonem

342 1677 439 1730 suum
464 1675 527 1750 pro
544 1657 628 1750 ipsis
655 1655 758 1746 solui,
784 1655 911 1751 elapsis
938 1658 1091 1728 terminis
1119 1655 1350 1728 solutionis..
1369 1709 1400 1726 ..
1421 1653 1449 1748 ¹)
1475 1653 1561 1728 duos
1587 1675 1728 1728 menses

342 1765 469 1828 vacent
494 1753 687 1827 oblationes
715 1776 833 1826 eorum
870 1758 946 1850 ipso
986 1755 1076 1828 iacto
1112 1759 1178 1828 nisi
1215 1753 1406 1826 infirmitate
1445 1755 1502 1827 nel
1535 1757 1729 1850 captiuitate

341 1857 411 1928 sint
436 1853 563 1926 detenti
588 1852 763 1949 prebende
789 1876 908 1926 eornm
933 1877 1003 1927 non
1028 1857 1185 1928 restitute
1210 1857 1276 1926 nisi
1302 1877 1435 1926 canone
1462 1855 1615 1951 plenarie
1639 1876 1728 1950 per-

344 1954 471 2028 soluto.
497 1951 582 2026 ltem
596 1953 725 2026 denarii
750 1963 816 2024 tam
839 1957 990 2028 maiores
1006 1977 1103 2050 quam
1121 1958 1272 2026 minores
1286 1957 1484 2050 portanaria
1499 1955 1556 2027 nel
1569 1957 1729 2050 scriptori

342 2051 494 2126 eiusdem
529 2051 631 2124 oflicii
657 2064 920 2149 presentemur,
959 2065 1174 2151 preterquam
1210 2056 1243 2124 in
1280 2058 1412 2148 magnis
1439 2053 1608 2146 denariis,
1640 2076 1727 2148 quos

343 2152 482 2250 quilibet
516 2151 580 2226 sibi
616 2153 673 2224 uel
709 2155 781 2226 suis
821 2152 1073 2229 comensalibus
1116 2152 1159 2226 de
1204 2175 1378 2228 consensu
1419 2157 1598 2250 scriptoris
1635 2154 1730 2226 licita

367 2255 469 2325 oterit
494 2254 700 2341 ministrare,
726 2251 906 2326 dummodo
933 2252 1107 2350 prebenda
1145 2275 1263 2326 eorum
1302 2276 1371 2326 non
1408 2253 1511 2326 luerit
1545 2277 1725 2352 suspensa.

341 2276 425 2424 liam
453 2375 654 2447 quocunque
687 2351 742 2425 die
767 2351 896 2426 denarii
922 2351 1074 2428 minores
1092 2353 1226 2426 luerint
1250 2353 1404 2450 plenarie
1431 2353 1518 2442 dati,
1557 2357 1633 2450 ipsc
1673 2353 1727 2426 die

343 2452 532 2524 diuidantur
555 2453 613 2524 uel
640 2455 816 2547 sequenti3
856 2463 891 2525 et
931 2458 1162 2548 cuiuscunque
1197 2452 1324 2525 domini
1360 2453 1532 2549 prebenda
1559 2477 1728 2550 suspensa

343 2555 479 2627 obterit
502 2575 611 2647 usque
644 2556 678 2625 in
712 2563 865 2647 quartum
899 2552 988 2626 diem
1014 2553 1071 2626 uel
1096 2553 1239 2626 ulterius
1266 2575 1374 2647 usque
1410 2553 1451 2624 ad
1477 2557 1730 2628 restitutionem

342 2651 529 2748 prebende,
554 2651 685 2724 carebit
710 2652 867 2726 omnibns
894 2652 1043 2727 denariis
1080 2651 1192 2724 medio
1221 2663 1375 2748 tempora
1402 2653 1612 2744 diuidendis,
1647 2655 1732 2727 licet

344 2751 486 2848 quilibet
511 2751 723 2824 dominorum
751 2752 861 2826 semel
887 2755 923 2826 in
949 2776 1038 2826 anno
1065 2751 1277 2824 babebitsex
1297 2756 1561 2848 septimanarum
1575 2753 1730 2828 inducias

345 2851 515 2946 equitandi
542 2851 584 2924 de
609 2851 748 2924 licentia
774 2851 900 2926 domini
928 2853 1070 2943 decani,
1097 2863 1131 2924 et
1157 2855 1224 2926 nisi
1251 2856 1344 2948 ipsas
1371 2853 1523 2928 inducias
1551 2877 1571 2926 a
1596 2854 1730 2928 decano

343 2953 492 3048 petierit,
519 2951 647 3046 elapsis
661 2951 726 3023 XV
753 2950 872 3028 diebus
898 2952 1069 3048 prebenda
1086 2955 1193 3048 ipsius
1209 2952 1446 3050 suspendatur.
1473 2951 1557 3026 ltem
1570 2955 1730 3028 scolares

344 3073 385 3126 se
410 3053 577 3146 recipient
602 3053 635 3123 in
663 3049 896 3124 dormitorium
923 3063 959 3123 et
984 3052 1101 3126 scolas
1128 3063 1163 3124 et
1187 3051 1383 3126 viridarium
1411 3076 1529 3127 eorum
1546 3077 1608 3150 pro
1623 3054 1729 3128 obla-

344 3148 493 3224 tionibus
520 3150 695 3224 solnendis
712 3151 758 3224 'et
785 3150 852 3222 boc
878 3155 996 3226 moniti
1022 3174 1084 3248 per
1111 3153 1331 3226 scolasticum
1365 3153 1422 3225 uel
1463 3165 1661 3248 cantorem,
1695 3165 1731 3228 et

343 3250 437 3323 nulla
463 3249 591 3346 patebit
616 3255 667 3323 cis
693 3255 749 3323 nia
774 3255 841 3324 nisi
868 3273 1012 3344 gressus
1039 3251 1082 3324 ad
1107 3251 1362 3327 eborumenndi
1388 3263 1423 3328 et
1448 3255 1625 3347 redeundi,
1650 3255 1731 3330 inde

344 3371 414 3424 non
441 3353 564 3424 exituri
589 3354 655 3424 nisi
681 3355 774 3446 prins
814 3374 947 3424 canona
973 3351 1170 3448 persolut03
1207 3351 1422 3426 sustinebunt
1447 3357 1548 3426 etiam
1575 3377 1729 3452 suspeu-

345 3453 478 3526 sionem
505 3449 751 3546 prebendarum
780 3451 965 3526 secundum
996 3451 1140 3525 lormam
1168 3455 1442 3549 suprascriptam.
1494 3454 1672 3547 Preterea,
1698 3458 1730 3530 si

345 3549 509 3623 absentes
535 3549 674 3640 luerint,
700 3550 914 3624 sustinebunt
947 3573 1068 3646 penam
1102 3553 1145 3626 da
1177 3556 1360 3626 vacatione
1388 3551 1596 3626 oblationum
1624 3567 1730 3630 αηιθ-

345 3649 480 3722 dictam.
543 3647 626 3722 ltem
660 3653 902 3745 promisimus,
940 3651 1030 3744 quod
1069 3654 1099 3724 si
1142 3652 1297 3726 dominus
1338 3655 1520 3748 episcopus
1560 3679 1729 3730 canonem

346 3748 493 3822 debiturn
531 3748 573 3820 ad
610 3759 763 3822 nostram
802 3749 1008 3845 prebendam
1035 3762 1265 3846 spectantem,
1304 3762 1430 3825 statuto
1468 3763 1626 3850 tempore
1658 3779 1729 3832 non

344 3847 503 3937 soluerit,
529 3853 684 3942 sequenti
711 3847 766 3920 dia
791 3859 869 3944 post
895 3853 1072 3922 terminum
1100 3851 1280 3925 solutionis
1307 3849 1518 3928 cessabimus
1546 3878 1566 3926 a
1592 3855 1728 3932 diuinis.

345 3947 442 4022 llanc
466 3945 609 4020 formam
635 3959 671 4019 et
696 3947 943 4021 ordinationem
969 3954 1232 4048 suprascriptam
1270 3971 1336 4028 nos
1363 3973 1483 4028 omnes
1508 3959 1728 4051 promisimus

346 4045 437 4126 bona
461 4045 528 4120 lida
561 4055 596 4120 et
630 4049 663 4121 in
702 4051 826 4120 uirtute
859 4058 978 4122 sancta
1004 4049 1205 4126 obediencia
1230 4051 1433 4148 diligencius
1456 4053 1729 4154 obseruandum
