3838 4728
683 459 901 563 episeopstus
924 459 1223 562 wirsiburgensis.
1574 449 1650 536 691

263 661 342 738 dem
366 654 578 738 interdictum
604 669 830 762 promittimus
864 689 972 763 usqne
1010 667 1052 740 ad
1091 667 1227 764 plenem
1264 664 1479 741 soluoionsnr
1511 657 1653 736 hister

265 765 470 857 obseruare,
495 765 637 862 dompne
663 789 798 862 qnoque
832 779 869 840 et
892 789 1080 864 expensus,
1105 791 1171 862 que
1198 778 1233 840 et
1258 788 1342 862 quas
1367 787 1435 838 vos
1463 755 1512 834 dx
1533 771 1651 834 retar-

264 865 341 940 data
367 867 547 940 solucione
586 871 687 940 tritloi
720 879 755 942 et
786 868 990 942 hallensium
1023 874 1181 964 superius
1208 887 1455 963 expressorum
1481 865 1652 937 sustinere

263 971 470 1061 eontigerit,
508 965 609 1041 vobis
636 971 861 1064 promittimus
900 991 946 1040 ex
981 973 1118 1062 integro
1160 972 1343 1042 rasarone.
1394 963 1433 1036 ln
1468 965 1564 1034 ouius
1599 963 1651 1032 rei

261 1071 493 1141 testimenium
520 1079 716 1163 presentem
742 1068 889 1140 litteram
915 1069 1032 1162 sigillo
1049 1079 1170 1142 nostro
1185 1079 1221 1141 et
1235 1067 1353 1163 sigillo
1374 1061 1651 1138 conmendatoris

262 1167 383 1242 domus
411 1171 520 1242 saneti
533 1168 698 1240 lobannis
725 1167 978 1264 herbipolensis
1005 1170 1150 1242 rannus
1176 1171 1378 1242 oonmnniri.
1411 1166 1536 1238 Aetum
1561 1181 1650 1239 auno

263 1268 391 1340 domini
415 1265 721 1357 thGLXXXVll.‚
746 1267 802 1340 vl
830 1269 905 1343 idus
921 1269 1084 1360 bunarii,
1111 1269 1330 1366 presentibus
1355 1265 1463 1339 fratre
1487 1263 1651 1336 lleinrioo

262 1366 529 1442 oonmendetore
555 1371 590 1438 in
615 1367 877 1461 blergentheim,
916 1369 1020 1441 fratre
1046 1370 1221 1443 Friderioo
1249 1367 1392 1443 eustode
1418 1365 1538 1438 domus
1564 1362 1651 1434 her·

260 1469 463 1566 bipolensis‚
488 1467 595 1539 iratre
623 1466 780 1540 Ounrado
807 1469 849 1540 de
877 1467 1070 1560 (bothelm,
1097 1468 1253 1568 Symone
1280 1477 1434 1556 mutere,
1472 1461 1648 1536 Friderioo

260 1573 472 1667 portanaria,
498 1566 694 1640 Wernhero
722 1567 764 1640 de
782 1567 1025 1663 Tannenherg,
1050 1569 1211 1644 Heinrloo
1239 1569 1281 1641 de
1307 1567 1507 1654 Weohmar‚
1531 1562 1649 1635 Lude-

260 1674 353 1744 wioo
395 1669 438 1742 de
463 1667 693 1760 hohenberg,
734 1673 907 1742 canonicis
947 1679 982 1740 et
1007 1667 1267 1766 archidyaconis
1293 1661 1588 1763 herbipolensibus
1616 1672 1651 1736 et

261 1770 337 1844 aliis
376 1771 512 1861 oleriois
557 1779 592 1840 et
635 1767 745 1864 laycis
795 1767 859 1841 lide
901 1767 1012 1864 dignis
1054 1769 1096 1842 ad
1141 1769 1209 1844 hoe
1254 1769 1389 1846 voeatis
1436 1775 1472 1842 ot
1515 1763 1648 1858 rogatis

259 1869 416 1948 testibus.

473 2067 653 2152 Appendent
674 2069 734 2136 duo
755 2069 866 2156 sigilla

815 2391 1104 2466 conmuni.-

630 2590 718 2657 Auno
743 2587 845 2672 luuh,
876 2590 927 2656 21.
950 2591 1091 2674 ianuarii,
1112 2591 1275 2676 llerblpoll.

257 2779 440 2856 bertoldus
466 2777 719 2875 herbipolensis
744 2781 926 2876 episeopus
943 2779 1065 2855 silvam
1090 2779 1160 2871 Bit,
1184 2803 1322 2854 mersae
1336 2780 1501 2874 Trugstat
1524 2783 1642 2855 conti}-

248 2905 382 2980 guam,
419 2879 461 2952 ad
487 2901 609 2977 preoes
635 2881 786 2954 Heinriei
814 2885 947 2956 comitis
973 2879 1016 2954 de
1040 2881 1204 2974 hamele,
1241 2887 1297 2977 qni
1324 2903 1399 2954 eam
1425 2883 1467 2955 ab
1494 2883 1644 2958 ecelesia

257 2982 490 3081 herbipolensi
518 2985 552 3056 lu
576 2981 681 3056 feodo
700 2980 903 3076 possederat
928 2993 964 3054 et
979 2986 1188 3056 monasterio
1204 2985 1239 3054 in
1253 2982 1412 3056 Eborueh
1429 2981 1643 3074 vendiderat,

608 3081 719 3154 eidem
744 3087 953 3156 monasterio
981 3087 1015 3155 in
1038 3086 1210 3180 proprium
1236 3081 1303 3158 dat.

359 3252 604 3330 hertoldus
630 3253 685 3328 dei
711 3257 830 3348 gracia
853 3253 1104 3350 herbipolensis
1130 3258 1313 3351 episeopus
1339 3258 1512 3344 uniuersis
1539 3255 1641 3332 modo

256 3357 347 3432 uatis
372 3366 407 3428 et
432 3357 466 3428 in
490 3365 665 3450 posterum
690 3357 872 3430 nascituris
888 3354 1095 3451 profitemur,
1122 3355 1256 3451 publiea
1282 3365 1526 3452 protestantes,
1552 3355 1642 3452 quod

256 3455 451 3531 virnobilis
478 3455 722 3530 Heinrieus
749 3477 868 3528 comes
894 3454 937 3527 de
961 3454 1150 3530 llastele
1177 3456 1347 3532 ellirmans
1374 3455 1639 3553 puhlioeoeram

254 3555 370 3646 nobis,
396 3555 543 3629 seillam
560 3555 681 3628 siloem
708 3555 829 3628 dictem
860 3555 934 3628 Rit
966 3555 1016 3628 illi
1048 3554 1165 3630 merke
1192 3557 1406 3650 Trngstat
1432 3561 1640 3650 contiguam,

255 3677 355 3751 quem
381 3655 514 3751 quidem
540 3655 661 3730 siluam
688 3680 707 3728 a
732 3655 832 3728 nobis
858 3658 892 3728 in
916 3654 1021 3730 feodo
1041 3655 1258 3752 possidebat,
1284 3657 1417 3730 dilectis
1441 3662 1477 3732 in
1503 3657 1640 3734 Christo

256 3809 267 3829 .
295 3813 303 3829 .
329 3755 441 3831 abbati
467 3765 502 3827 et
528 3760 711 3828 conuentui
738 3759 938 3836 monasterii
961 3759 996 3828 in
1023 3756 1228 3833 Eboraoh
1254 3756 1451 3850 vendidisse
1476 3757 1639 3853 illamque

254 3856 355 3932 uobis
392 3855 501 3930 libere
526 3859 708 3949 resignans
745 3859 876 3952 petiuit,
913 3867 951 3930 vt
987 3857 1130 3932 eundem
1157 3857 1246 3935 dieto
1271 3862 1482 3934 monasterio
1508 3857 1638 3946 donare

255 3959 291 4032 in
316 3962 489 4055 proprium
515 3977 723 4029 ennaremus.
773 3955 846 4032 Nos
874 3959 986 4052 itaque
1011 3957 1164 4034 eiusdem
1190 3963 1323 4034 eonius
1347 3958 1506 4056 precihus
1531 3959 1637 4032 leuo-

255 4057 409 4136 rahiliter
435 4068 637 4153 pannones,
663 4055 804 4137 amdam
815 4056 942 4146 ,siluere
968 4065 1378 4150 memoremuouasterio
1392 4082 1468 4161 ,pro
1483 4059 1635 4176 ¹respodit)
