3776 4730
317 432 390 567 tel
794 429 798 436 Ι
886 486 1110 567 'Monumente

317 703 352 766 et
375 689 567 768 debuerunt
588 695 624 764 in
647 691 770 766 eedem
793 697 899 777 curie,
925 693 1337 788 megistrnGregorio
1352 693 1593 768 archidiacono
1608 692 1700 770 &cle

316 794 469 868 ecclesie
495 791 747 887 herbipolensis
775 792 912 865 vendidi
938 805 974 865 et
991 818 1061 888 per
1089 805 1270 890 presentes
1296 794 1411 867 nendo
1433 799 1510 888 jure
1529 798 1698 890 proprie-

315 897 394 964 tetls
415 903 589 990 perpetuo
613 892 857 992 possidendam
892 886 934 964 nb
959 915 1004 965 eo
1038 893 1094 964 nel
1124 893 1164 964 eb
1192 895 1261 966 elio
1289 893 1536 982 annuentes,
1564 898 1617 966 cni
1640 894 1698 965 ⁴n'dl

314 991 435 1088 quibus
463 991 613 1066 donere.
640 991 792 1064 uendere
815 993 871 1064 nel
898 993 1093 1066 concedere
1119 993 1286 1082 uoluerit,
1322 1001 1355 1065 et
1382 993 1526 1069 edndem
1554 994 1588 1065 in
1614 997 1699 1068 col*-¹

314 1092 469 1188 pornlem
505 1096 766 1190 possessionem
804 1095 909 1186 ipsius
943 1095 1038 1166 curie
1072 1095 1170 1190 posui
1210 1103 1244 1164 et
1278 1087 1420 1168 endem
1446 1095 1709 1190 possesionem„

315 1215 413 1288 quum
442 1189 562 1264 dudum
590 1191 690 1264 bubni
717 1203 752 1290 et
779 1197 844 1263 mei
864 1187 1133 1288 predecessores
1155 1191 1352 1276 mouerunt„
1371 1198 1404 1266 in
1423 1193 1567 1270 eundem
1580 1205 1698 1271 nens-

315 1293 479 1365 telinum
507 1293 749 1387 plenorerum
777 1292 926 1366 dominio
964 1305 998 1364 et
1031 1293 1201 1366 transfero
1229 1315 1291 1388 per
1324 1305 1526 1390 presentes,
1562 1305 1598 1365 et
1629 1296 1698 1386 jus.¹

223 1449 232 1476 .
315 1391 551 1488 quodcumque
586 1391 686 1462 bubni
712 1396 746 1464 in
773 1391 892 1465 endem
916 1397 1031 1481 curie,
1066 1398 1099 1464 in
1126 1417 1245 1465 munus
1271 1394 1348 1465 dicti
1376 1395 1607 1470 ercbidieooni
1634 1415 1699 1464 re-

314 1495 449 1587 signent
488 1501 522 1562 et
553 1513 617 1585 per
653 1503 833 1588 presentes
867 1497 1010 1586 resigno
1044 1504 1078 1564 et
1104 1493 1299 1564 lleinricnm
1335 1489 1424 1565 dicte
1460 1499 1554 1566 curie
1582 1497 1702 1589 inqui-

314 1593 418 1664 linum
448 1587 580 1663 absolui
610 1603 645 1663 et
680 1615 742 1687 per
764 1603 950 1688 'presentes
977 1592 1121 1664 nbsolno
1150 1617 1169 1666 e
1196 1593 1378 1672 fidelitate,
1406 1612 1469 1690 que
1496 1591 1596 1668 michi
1625 1598 1700 1664 eret

316 1690 501 1785 obligetus„
528 1702 563 1762 et
589 1715 607 1761 e
636 1695 852 1787 prestacione
870 1692 1056 1764 debitorum
1083 1695 1157 1764 siue
1175 1695 1576 1768 seruioiornm'omnium.
1603 1691 1703 1768 llenc

315 1796 420 1886 igitur
460 1790 697 1863 vendicionem
735 1791 825 1864 dicto
862 1791 1102 1864 archidiacono
1138 1793 1204 1863 leci
1242 1804 1277 1864 et
1311 1793 1400 1864 lenio
1428 1817 1489 1890 per
1516 1805 1698 1890 presentes

319 1914 381 1988 pro
409 1894 527 1986 precio
554 1895 794 1986 quinquaginta
823 1891 982 1963 librorum
998 1891 1214 1980 bullensium,
1240 1915 1324 1988 ques
1337 1898 1577 1989 qunquaginta
1594 1893 1699 1966 libres

316 1994 433 2088 recepi
462 1995 496 2062 in
522 1993 665 2087 pecunie
691 2001 880 2080 numerate,
906 1991 948 2064 de
975 1991 1095 2086 quibus
1118 1992 1207 2064 bene
1221 2004 1374 2088 pacatum
1390 2017 1445 2074 me
1461 2015 1697 2088 recognosco.

316 2085 522 2165 renuncians
549 2093 751 2186 excepcioni
777 2115 845 2163 non
870 2103 1046 2164 numerate
1084 2102 1118 2161 et
1150 2115 1219 2164 non
1245 2085 1359 2164 solute
1387 2084 1545 2190 pecunie,
1571 2097 1699 2168 notioni

317 2189 361 2264 de
393 2189 474 2264 delo
509 2201 543 2262 et
577 2193 666 2262 omni
701 2191 829 2264 enxilio
857 2203 892 2264 et
925 2191 1093 2264 benelicio
1126 2194 1210 2284 juris
1238 2196 1392 2265 cononici
1420 2205 1454 2266 et
1480 2193 1609 2281 ciuilis,
1636 2217 1700 2290 per

318 2291 406 2388 qnod
436 2293 549 2384 junoni
582 2313 722 2386 possem
758 2303 876 2364 contre
913 2291 1151 2364 vendicionem
1185 2303 1220 2364 et
1246 2292 1459 2366 solucionem
1494 2291 1728 2388 hujusmodi.-

317 2391 355 2464 ln
389 2394 484 2463 cuins
517 2393 568 2462 rei
602 2393 831 2464 testimoninm
868 2392 998 2465 litteras
1026 2403 1207 2488 presentes
1234 2405 1423 2466 memoreto
1457 2393 1697 2468 archidiacono

319 2490 436 2586 sigillo
465 2513 542 2562 meo
569 2495 707 2586 proprio
734 2515 801 2564 vnn
827 2515 901 2564 cnm
929 2492 1045 2585 sigillo
1073 2493 1209 2592 capituti
1231 2492 1412 2590 supradicti
1440 2493 1559 2566 tredidi
1583 2495 1698 2568 robo-

320 2602 423 2664 retes.
475 2589 547 2664 Nos
583 2595 671 2664 enim
697 2591 741 2664 lll.
779 2596 996 2688 prepositus,
1030 2588 1087 2663 Αἱ.
1122 2592 1271 2664 decenus
1305 2604 1479 2689 totumque
1517 2593 1699 2690 capitulum

321 2691 475 2764 ecclesie
501 2689 752 2786 herbipolensis
779 2691 973 2770 vendicioni
1000 2696 1190 2804 prescripto
1217 2697 1457 2766 consensimus
1484 2705 1595 2792 etper
1611 2717 1698 2791 pre·

320 2801 439 2865 sentes
466 2795 717 2878 consentimus,
754 2803 788 2862 et
814 2795 847 2863 in
882 2797 1014 2886 signnm
1042 2791 1139 2862 buius
1167 2801 1201 2863 et
1227 2791 1331 2864 iobur
1356 2791 1522 2867 firmitatis
1550 2799 1699 2866 omnium

319 2894 626 2988 suprascriptorum
659 2889 783 2968 litteris
819 2891 1037 2986 presentibus
1071 2891 1220 2988 sigillum
1256 2897 1364 2967 nostri
1389 2895 1528 2992 capituli
1554 2895 1698 2970 lecimus

320 2987 443 3090 opponi
470 2999 505 3064 et
530 2989 668 3064 eusdem
694 2990 846 3090 littores*
871 2991 1001 3084 redieto
1017 2984 1133 3084 sigillo
1149 2991 1304 3089 donimus
1322 2993 1546 3066 roborandos.
1573 2987 1699 3068 Actum

320 3101 357 3163 et
390 3089 500 3164 dotum
536 3113 625 3164 enno
665 3087 789 3164 domiui
826 3013 1155 3182 decernimur,
1194 3091 1281 3164 ferie
1316 3097 1422 3166 tercio
1462 3098 1540 3170 unte
1572 3093 1698 3171 festum

320 3189 556 3290 apostolorum
583 3184 748 3286 Symonis
775 3200 809 3262 et
834 3187 932 3263 lude.

552 3381 731 3479 'Appendent
752 3389 920 3478 fragmento
943 3351 1116 3478 sigillorum.
