3794 4722
608 435 825 532 episcopatus
851 429 1142 532 ermogenis.
1519 428 1567 512 liis

194 631 353 726 minibus,
380 636 491 708 sicuti
505 631 762 730 temporalibus,
786 644 823 708 ut
847 634 982 708 ιιιιιιιιιι
1006 635 1074 708 frui
1098 638 1380 732 possinteiernie.
1407 635 1568 714 Nostrum

195 745 322 808 estex
348 733 463 808 cilicie
496 733 596 808 nobis
631 732 790 808 diuinitus
823 735 974 826 credito,
1008 735 1200 812 hominibus
1236 747 1353 828 nostre
1378 739 1569 832 promsioui

194 832 362 930 deputatis
388 838 424 908 in
449 833 514 924 his,
541 857 604 929 que
631 833 843 919 adsalutem
870 857 989 908 eorum
1015 847 1181 932 spectant,
1208 835 1393 913 consulere
1418 847 1453 907 et
1479 859 1567 932 pro-

192 933 312 1008 uidere
339 945 374 1006 et
398 937 610 1032 propositum
635 936 691 1030 pie
717 945 752 1006 et
777 937 865 1008 iuste
890 935 1073 1010 uoluntatis
1100 935 1280 1010 cuiuslibet
1312 957 1430 1011 eorum
1457 933 1568 1008 debita

193 1032 369 1128 diligentie
395 1035 437 1106 ad
463 1035 508 1124 il,
535 1033 625 1128 quod
650 1044 802 1109 sanctum
829 1045 864 1108 et
878 1035 1088 1110 salutiferum
1112 1046 1178 1126 est,
1202 1057 1420 1131 promouere.
1471 1035 1568 1110 Vnde

192 1133 348 1208 omnihus
375 1145 443 1208 tam
468 1132 683 1230 presentibus
709 1157 808 1228 quam
821 1135 1020 1230 postfuturis
1034 1135 1225 1209 hominibus
1250 1145 1371 1218 notun,
1392 1157 1472 1210 esse
1497 1158 1568 1208 ue·

192 1234 317 1324 lamus,
343 1235 488 1329 qualiter
512 1257 575 1329 pro
601 1237 773 1330 peticione
799 1235 972 1310 cuiusdam
986 1234 1191 1318 llichclii
1216 1233 1423 1308 adeauctum
1441 1235 1567 1331 Kylin-

190 1355 270 1406 num
298 1338 454 1409 canonici
479 1337 544 1428 uiri
570 1333 728 1428 religiosi
761 1337 887 1408 curiam
925 1345 1004 1408 ante
1036 1339 1203 1431 porticum
1243 1337 1322 1408 ostii
1346 1333 1442 1406 rubei
1468 1338 1567 1415 eitam

192 1435 346 1527 collegio
373 1437 482 1510 sancti
506 1434 645 1530 llyliani
670 1434 879 1508 donauimus.
934 1435 999 1523 Qui
1022 1445 1142 1510 nostre
1161 1437 1377 1508 cenniuentia
1390 1433 1432 1508 de
1448 1435 1567 1508 cedem

192 1537 286 1606 curia
312 1545 348 1606 et
374 1533 416 1606 de
440 1533 568 1629 prediis
595 1537 666 1608 suis
693 1545 849 1627 quatuor,
874 1556 1017 1627 qrromm
1042 1557 1144 1610 nuum
1170 1544 1225 1610 est
1251 1533 1567 1628 Geltarsheim

192 1645 228 1706 et
264 1656 367 1711 unum
402 1633 607 1710 'selehim
646 1644 680 1706 et
710 1656 811 1708 uuum
845 1633 1132 1726 Eganhustn,
1168 1643 1204 1706 et
1236 1655 1338 1708 uuum
1375 1634 1568 1710 'lhuten-

191 1732 393 1806 brunnen
418 1756 481 1829 pro
507 1736 617 1806 arima
650 1743 772 1808 suaet
796 1733 911 1807 fratris
937 1737 990 1808 sui
1017 1733 1229 1828 Sigelogi
1263 1744 1298 1808 et
1323 1731 1508 1808 Gerlaci
1535 1747 1569 1810 et

192 1833 337 1910 atrorum
364 1843 539 1928 parentum
565 1853 705 1908 suorum
731 1831 966 1926 oblationes-¹)
994 1843 1028 1906 et
1053 1831 1295 1907 saluberrimas
1311 1834 1568 1910 consolationes

192 1937 377 2006 constituit.
428 1934 593 2007 Decreuit
618 1936 722 2023 enim,
746 1943 783 2006 ut
813 1935 849 2004 in
873 1935 1030 2028 proxime
1063 1933 1118 2006 die
1151 1943 1230 2029 post
1262 1932 1387 2008 fastuum
1422 1939 1569 2011 emnium

192 2043 389 2106 sanctorum
427 2043 616 2106 conuentus
659 2036 768 2106 sancti
806 2032 943 2128 Kylleni
988 2035 1188 2106 memoriam
1228 2042 1263 2104 et
1301 2037 1569 2108 anniuersarium

193 2135 343 2206 omnium
368 2133 518 2204 fratrum
536 2155 673 2206 suumn
700 2131 894 2206 decisorum
927 2155 1003 2207 cum
1034 2133 1163 2226 uigiliis
1196 2142 1232 2206 et
1264 2136 1370 2206 missa
1403 2157 1466 2229 pro
1499 2135 1567 2208 de-

192 2231 353 2305 iunctis
343 2255 378 2306 ιιι
404 2233 550 2328 capitulo
577 2231 753 2323 celebrare
779 2218 860 2326 quot
892 2236 988 2306 annis
1016 2231 1140 2306 debeat
1175 2242 1210 2305 et
1245 2254 1287 2304 ea
1320 2233 1374 2306 elie
1406 2235 1567 2308 fratribus

192 2332 357 2404 talentum
383 2331 425 2403 ad
440 2332 712 2410 consolationem
728 2334 914 2421 constituit,
940 2335 1008 2404 et
999 2356 1034 2406 ιιι
1049 2334 1286 2406 anniuersario
1313 2355 1377 2406 sue
1403 2335 1566 2408 talentum

193 2442 229 2504 et
264 2434 300 2504 in
332 2435 570 2504 anniuersario
603 2432 719 2504 iretris
758 2434 810 2513 sni
845 2429 1058 2526 Sigelcgi
1098 2429 1268 2504 dimidium
1299 2431 1462 2504 talentum
1492 2453 1568 2506 cum

194 2533 379 2624 sexaginta
392 2533 512 2606 similis
530 2542 565 2606 et
577 2555 662 2604 urna
675 2534 757 2622 uini,
782 2541 819 2604 et
834 2535 869 2607 iu
885 2533 1121 2606 anniuersario
1129 2529 1244 2604 fratris
1261 2529 1507 2606 suiGerleci
1519 2532 1567 2606 Vl

193 2631 328 2704 monos
355 2635 457 2704 tritici
484 2641 518 2703 ct
542 2653 661 2704 urnam
687 2635 769 2722 uini,
795 2641 831 2704 et
855 2635 890 2703 in
914 2630 1127 2704 dedicatione
1151 2629 1288 2722 altaris,
1304 2717 1309 2728 ¹
1324 2630 1413 2726 qued
1447 2643 1501 2706 est
1533 2636 1568 2710 iu

195 2731 357 2826 capituto,
380 2732 424 2804 X.
451 2731 584 2806 solides
610 2729 768 2806 iratribus
794 2730 868 2804 dari
883 2734 1065 2806 constituit.
1117 2731 1284 2804 Preterea
1304 2732 1488 2822 sacerdoti,
1513 2735 1569 2826 qni

194 2830 236 2902 ad
261 2831 427 2926 prelatum
453 2833 561 2912 altare
586 2831 697 2904 diuina
722 2830 1007 2924 celebratXXXt·
1040 2829 1171 2906 solidos
1197 2833 1371 2908 constitut
1395 2842 1431 2906 et
1454 2831 1569 2912 lunneu

196 2930 290 3025 quod
314 2941 393 3010 ante
420 2932 527 3004 altare
553 2935 662 3026 ipsum
688 2955 708 3003 ι
734 2931 937 3027 crepusculo
963 2933 1133 3004 uenientis
1148 2933 1380 3025 ueniensque
1400 2929 1443 3006 ad
1456 2933 1569 3009 lucem

197 3031 266 3102 diei
293 3035 468 3126 sequentis
493 3029 726 3105 indesinenter
763 3030 889 3104 ardeat
941 3029 1083 3128 Insuper
1108 3027 1239 3104 duobus
1273 3031 1449 3106 monachis
1483 3031 1569 3129 apud

202 3129 343 3206 Scottus
368 3131 477 3204 XXX.
505 3130 637 3206 solides
662 3133 963 3226 praeeminentis
990 3141 1025 3202 et
1050 3131 1141 3248 eliis,
1166 3152 1229 3224 que
1243 3135 1433 3208 necessitas
1448 3137 1568 3252 exigit,

196 3233 367 3304 annuatim
391 3234 427 3302 in
453 3229 575 3304 acuta
599 3253 702 3349 pasce
727 3230 800 3304 dari
825 3232 1019 3321 consuiant,
1053 3234 1109 3326 qui
1143 3251 1207 3326 pro
1238 3233 1350 3304 enine
1374 3230 1487 3304 fratris
1515 3237 1567 3308 sui

196 3327 413 3448 Sig'elcgi
438 3341 474 3404 et
488 3353 550 3404 sna
563 3341 598 3403 et
612 3335 760 3404 omniurn
775 3329 921 3404 laelium
936 3329 1169 3404 defunctorum
1194 3327 1236 3400 acl
1255 3331 1363 3402 altare
1389 3353 1417 3406 s.
1431 3331 1569 3426 Kyliaui

196 3433 334 3504 missam
360 3453 424 3526 pro
452 3430 619 3504 defunctis
645 3434 736 3504 omni
760 3431 816 3504 die
842 3433 994 3508 uicissim
1020 3439 1165 3504 cautant,
1217 3425 1324 3504 Ilas'
1314 3449 1448 3524 mquam
1463 3429 1565 3504 obla·

196 3532 308 3605 tiones
333 3529 492 3612 decuria
516 3530 647 3626 prefata
673 3541 708 3607 et
740 3530 783 3603 dc
808 3530 935 3626 prediis
962 3533 1289 3626 supranominatis
1323 3551 1386 3624 que
1413 3529 1564 3624 collegio

197 3634 305 3704 saneti
329 3630 467 3726 llpliani
491 3652 553 3748 per
576 3630 655 3704 sulei
686 3635 904 3707 commissum
939 3629 1133 3704 cautissime
1166 3629 1326 3719 contulit,
1358 3633 1567 3709 mimtitnere

197 3728 352 3802 decremt
377 3739 412 3801 ct
438 3733 564 3804 curium
602 3741 636 3804 et
670 3734 756 3850 ipsa·
776 3730 893 3828 predia
919 3729 1048 3804 duobus
1075 3733 1230 3823 cognatis
1257 3732 1328 3802 suis
1352 3729 1565 3806 lliclrelia

197 3829 357 3904 uidelicet
390 3839 426 3902 et
454 3828 679 3924 Sigelogo
705 3834 776 3906 suis
802 3833 1044 3909 concanonicis
1069 3828 1111 3902 al
1140 3827 1348 3924 supradictus
1374 3828 1566 3908 oblationes

281 4030 306 4113 ¹)
329 4029 540 4115 Oblalatlones
558 4029 646 4120 Ιιὶιιι.
