3774 4728
892 451 1110 530 Monumenta

916 791 1088 869 cocum.

764 998 852 1060 Anno
879 991 980 1074 mon,
1003 992 1053 1058 20.
1079 995 1241 1058 Februarii.

198 1235 204 1240 -
311 1187 446 1280 iringus
473 1183 727 1280 herbipolensis
755 1187 936 1280 episcopus
953 1181 1165 1254 advocatiam
1192 1181 1323 1252 invilla
1338 1179 1574 1251 Gramseneitc
1593 1197 1695 1272 super

313 1285 403 1360 bona
430 1287 671 1358 canonicorum
699 1283 872 1357 ecclcsiae
908 1279 943 1354 S.
972 1281 1136 1354 lobannis
1173 1284 1206 1354 in
1241 1279 1387 1374 Haugc,
1424 1300 1523 1374 quam
1559 1275 1693 1350 nobiles

313 1389 400 1476 viri,
442 1388 585 1458 comites
612 1383 792 1457 Heinricus
829 1395 864 1456 ct
888 1383 1102 1455 Hermannus
1140 1379 1181 1452 de
1209 1380 1346 1453 Castela
1384 1383 1417 1452 in
1455 1400 1573 1450 manus
1614 1399 1693 1448 suas

606 1487 836 1578 resignarunt,
864 1483 1035 1556 ecclesiae
1063 1491 1270 1554 memoratae
1299 1481 1419 1553 donat..

414 1651 439 1726 l.
468 1677 500 1726 n.
529 1654 560 1725 d.
589 1679 620 1725 a.
670 1652 853 1746 iringus
871 1651 925 1724 dei
942 1657 1058 1747 gracia
1074 1652 1327 1748 herbipolensis
1343 1654 1525 1748 episcopus
1543 1651 1699 1724 omnibus

316 1757 350 1827 in
377 1763 586 1850 perpetuum.
641 1753 831 1826 Obliuionis
858 1763 893 1823 et
926 1757 1127 1848 ignorancie
1153 1756 1235 1824 uitio
1262 1755 1440 1848 potissime
1469 1749 1644 1840 abutatur,
1672 1753 1701 1824 si

302 1841 371 1938 ca,
398 1876 463 1950 que
491 1856 578 1926 inter
594 1854 757 1926 mortales
775 1861 931 1946 aguntur,
959 1855 1197 1948 seripturarum
1216 1851 1405 1924 aminiculis
1421 1851 1699 1924 conmendentur.

316 1951 399 2028 Inde
426 1965 480 2026 est
508 1957 622 2042 ctiam
649 1952 738 2049 quod
764 1961 863 2046 gestu
890 1956 1046 2044 gratuita,
1073 1957 1162 2026 iusta
1189 1965 1223 2025 et
1247 1951 1438 2025 uoluntaria
1464 1973 1580 2026 coram
1600 1951 1701 2024 nobis

316 2057 351 2127 in
377 2056 504 2149 scripta
529 2054 639 2148 redigi
667 2053 824 2142 iacimus,
851 2063 886 2122 ut
913 2063 1059 2150 optatam
1086 2063 1121 2126 et
1134 2051 1278 2125 debitam
1299 2055 1471 2149 optineant
1497 2050 1698 2124 firmitatem.

315 2151 484 2226 Volumus
511 2155 622 2250 itaque
649 2153 860 2226 manifestum
888 2150 961 2224 lieri
987 2177 1049 2250 per
1076 2165 1256 2248 presentes
1283 2154 1415 2227 litteras
1442 2152 1613 2226 uniuersis
1634 2163 1702 2224 tatu

315 2255 466 2350 posteris
504 2276 602 2348 mam
629 2253 802 2326 modernis
829 2255 921 2350 ipsas
949 2253 1181 2345 intuentibus,
1222 2253 1311 2350 quod
1345 2252 1470 2326 nobilis
1505 2255 1556 2326 uir
1583 2275 1701 2328 comes

315 2351 557 2436 Heinrious
585 2353 627 2426 de
656 2353 836 2427 Castola
863 2375 930 2426 vna
956 2376 1031 2426 cum
1057 2353 1163 2425 fratre
1189 2377 1252 2428 suo
1292 2357 1416 2428 comite
1443 2351 1701 2426 Hermanno

315 2454 350 2525 in
387 2463 506 2526 nostra
539 2459 729 2528 existentes
769 2457 949 2550 presencia
988 2452 1098 2528 libere
1135 2465 1169 2526 et
1208 2454 1366 2530 absolute
1404 2456 1624 2546 resignarunt
1661 2453 1704 2526 ad

319 2575 440 2628 manus
467 2565 605 2628 nostras
631 2553 862 2644 aduocacian,
888 2575 986 2650 quam
1013 2551 1181 2627 habebant
1207 2557 1241 2628 in
1265 2554 1347 2626 uilla
1372 2553 1703 2645 Oramseneite‚

316 2651 465 2727 inbonis
488 2657 730 2728 canonicorum
751 2655 904 2730 ecclesio
931 2658 1079 2728 sancti
1105 2655 1124 2728 J
1134 2653 1324 2730 ohannis
1351 2658 1385 2728 in
1410 2649 1576 2748 beniga
1602 2677 1701 2750 quam

318 2751 536 2828 aduocnoiam
564 2755 701 2852 capituli
726 2757 836 2828 nostri
863 2754 1049 2828 accedente
1076 2777 1247 2830 consensu
1261 2759 1387 2852 pariter
1403 2765 1437 2827 et
1452 2754 1572 2827 iuuore
1587 2753 1702 2828 dona-

318 2856 429 2928 nimus
456 2851 644 2927 liberaliter
670 2867 705 2928 at
730 2851 925 2930 tradidimus
963 2859 996 2928 in
1033 2858 1205 2954 proprium
1240 2855 1391 2930 ecclesie
1418 2863 1628 2946 memorate,
1669 2866 1705 2927 ut

320 2975 395 3025 eam
423 2953 465 3024 de
492 2965 609 3028 cetero
636 2965 751 3028 teneat
781 2965 816 3027 ct
852 2955 1028 3052 possideat
1065 2959 1266 3030 auctoritate
1307 2966 1426 3030 nostra
1464 2963 1630 3052 perpetuo
1669 2960 1705 3029 in

318 3050 478 3126 libertate
504 3057 628 3149 quieta.
681 3055 736 3128 Ad
763 3057 858 3128 cuius
885 3059 1129 3152 resignationis
1164 3067 1198 3130 et
1231 3067 1351 3129 nostre
1383 3055 1580 3128 collationis
1617 3075 1704 3154 per-

319 3152 465 3225 hennem
493 3159 691 3228 memoriam
727 3159 888 3254 scriptum
923 3179 1068 3253 presens
1108 3178 1182 3228 oum
1225 3153 1367 3229 testibus
1404 3155 1592 3230 subnotatis
1629 3155 1704 3229 deri

317 3253 481 3326 iussimus
518 3265 553 3326 et
587 3265 654 3326 tem
680 3266 801 3330 nostro
829 3279 927 3351 quarn
954 3257 1089 3352 capituli
1123 3257 1232 3329 nostri
1260 3256 1384 3350 sigillis
1412 3253 1563 3329 dedimus
1590 3256 1704 3330 robo-

318 3363 440 3425 ratum.
492 3353 617 3428 Testes
643 3367 754 3430 autem
781 3367 859 3430 sunt
893 3379 937 3429 ex
964 3360 1138 3430 canonicis
1166 3357 1317 3428 ecclesie
1345 3367 1484 3446 nostre³
1519 3356 1702 3430 videlicet:

317 3451 523 3527 Berhtoldus
550 3453 698 3528 decanus
727 3455 834 3530 dictus
873 3457 915 3530 de
943 3457 1174 3548 sicamber-c,
1215 3455 1391 3530 Gunradus
1425 3455 1629 3531 scolasticus
1670 3469 1706 3530 et

319 3551 576 3628 archidiaconus
602 3554 710 3630 dictus
738 3557 780 3629 de
804 3558 934 3648 burne,
960 3557 1187 3653 Maneguldus
1213 3560 1408 3653 prepositus
1426 3557 1576 3628 ecclesie
1594 3561 1702 3630 sancti

317 3651 484 3727 lobannis
520 3657 556 3728 in
581 3650 701 3750 liadge
728 3657 836 3730 dictus
872 3659 913 3731 de
939 3657 1168 3748 Nuwenburc‚
1189 3656 1216 3747 ¹)
1255 3656 1386 3752 Symon
1425 3661 1620 3753 prepositus
1660 3658 1703 3730 de

315 3751 488 3828 llurselon
514 3753 626 3840 dictus
643 3757 685 3830 de
700 3757 847 3845 Slites03
875 3760 1117 3835 ministeriales
1144 3758 1296 3831 ecclesie
1312 3767 1450 3830 nostra:
1477 3755 1702 3853 lllarquardus

318 3851 514 3949 orphanus,
551 3854 727 3934 Cunradua
755 3856 891 3930 Thorso
920 3870 954 3930 ct
979 3859 1085 3932 irater
1111 3881 1193 3934 suus
1220 3857 1367 3931 Karalus
1394 3857 1551 3948 Tborso³
1587 3859 1702 3930 lierb-

316 3951 430 4026 toldus
457 3965 492 4028 et
517 3955 699 4030 Eberlinus
725 3959 849 4032 iratres
877 3959 954 4030 dicti
981 3959 1149 4032 Huneclin
1168 3957 1208 4052 ²),
1234 3957 1305 4028 Leo
1323 3957 1443 4046 milcs3
1470 3961 1549 4030 item
1576 3958 1701 4033 milites

317 4052 503 4140 eorundem
538 4059 715 4140 comitum:
751 4057 841 4134 tho
857 4055 884 4155 ³)
921 4059 1073 4162 dapifer,
1113 4057 1316 4137 Ludewiuus
1356 4057 1397 4134 de
1435 4057 1642 4141 nocentem
1660 4060 1701 4164 ⁴),
