3774 4728
594 461 811 554 episcopatus
838 457 1129 553 wirciburgensis.
1483 462 1553 536 199

24 619 26 698 l
175 657 359 730 videlicet:
398 655 436 728 ln
462 656 837 750 Heidingosuelta
869 656 911 727 ad
944 663 1098 753 precaria
1123 659 1221 730 XXX
1246 659 1362 732 libras.
1418 659 1552 734 Census

176 756 298 845 officii,
325 756 406 827 XVI
430 755 555 846 libras,
588 761 660 829 vini
687 757 784 828 XXV
811 768 972 830 carratas.
1024 758 1354 832 llandesalrere
1387 759 1430 831 de
1466 783 1553 854 pra-

175 861 266 928 caria
291 855 358 928 XX
383 855 501 946 libres,
527 859 599 928 vini
625 857 658 928 X
684 867 845 930 carratas.
898 857 1082 930 Ahusen
1107 857 1322 931 denariorum
1348 858 1414 932 XX
1437 857 1553 948 libras,

175 960 246 1028 vini
273 954 317 1026 de
342 959 498 1050 precaria
513 955 593 1027 XXl
620 967 784 1046 carratas,
811 957 853 1028 de
868 961 1076 1054 proprietate
1093 958 1166 1029 ‘XX
1192 969 1355 1044 carratas,
1382 959 1554 1052 siliginum

24 1115 25 1140 2
174 1055 250 1128 Vlll
276 1055 408 1126 maltra.
461 1055 715 1128 Ossennert
749 1055 791 1128 de
818 1055 966 1130 curtibus
993 1055 1069 1129 Xlll
1095 1061 1220 1147 vatins,
1245 1061 1316 1130 vini
1336 1057 1368 1128 V
1389 1067 1552 1132 carratas.

24 1163 25 1170 ³
174 1154 527 1228 Friklrenhusen
555 1155 596 1226 de
623 1159 776 1251 precaria
803 1157 900 1228 XXX
926 1155 1051 1246 libras,
1086 1157 1128 1228 de
1162 1157 1320 1236 censibus
1347 1156 1411 1230 Vll
1435 1156 1553 1248 libras,

24 1313 25 1322 ,
172 1253 233 1327 llll
258 1257 385 1343 untias,
408 1257 479 1328 vini
508 1254 627 1326 XXX*
660 1266 822 1328 carratas.
874 1257 910 1328 ln
937 1256 1114 1328 aduocatis
1141 1255 1310 1352 Stephe
1338 1257 1401 1330 XX
1436 1255 1553 1348 librae,

172 1358 276 1426 tritici
303 1354 341 1425 0.
369 1367 403 1426 et
428 1351 520 1428 Xllll
557 1355 685 1426 meltra.
737 1354 774 1426 ln
800 1355 1074 1428 Hittenheim
1110 1378 1273 1428 censuum
1298 1356 1417 1428 libram
1442 1379 1552 1428 uuam.

24 1509 25 1556 3
173 1455 211 1526 ln
237 1454 546 1526 Windesheim
572 1453 786 1527 denariorum
812 1454 875 1527 Xll
907 1454 1031 1543 libras,
1066 1459 1166 1527 tritici
1201 1456 1259 1528 CO
1291 1467 1325 1528 et
1360 1455 1389 1528 ll
1423 1456 1555 1547 melna,

173 1558 271 1651 porci
297 1552 437 1642 XXVH,
462 1558 617 1649 precaria
641 1555 739 1626 XXX
772 1555 888 1628 libras.
939 1555 977 1626 ln
1001 1556 1265 1628 Berneheim
1302 1566 1336 1628 et
1369 1559 1402 1626 in
1441 1557 1554 1629 Ges-

176 1655 332 1728 selere
357 1657 512 1749 precaria
526 1653 624 1724 XXX
650 1652 764 1726 libras.
815 1653 853 1725 ln
878 1655 1229 1750 Heilichprunan
1256 1655 1298 1726 de
1324 1658 1451 1728 mansis
1477 1653 1555 1727 Xlll

24 1771 26 1834 t
175 1775 329 1843 marcas,
364 1752 406 1824 de
441 1751 683 1848 piscationibus
718 1753 880 1826 Vlibras
907 1754 1133 1846 hallensium,
1174 1754 1216 1826 de
1253 1754 1464 1827 villicatione
1491 1754 1553 1827 XX

176 1875 330 1942 marcas,
364 1851 407 1924 de
432 1855 587 1946 precaria
613 1851 828 1925 denariorum
855 1853 951 1924 XXX
979 1875 1129 1944 mareas,
1168 1858 1238 1926 vini
1265 1855 1364 1926 XXX
1391 1864 1555 1945 carratas,

177 1955 217 2026 de
243 1957 453 2048 proprietate
480 1955 549 2022 vini
575 1952 639 2024 XV
666 1963 837 2038 carratas,
863 1957 984 2044 tritici,
1009 1953 1140 2049 spelte,
1167 1955 1337 2049 siliginis,
1364 1978 1474 2026 auene
1500 1953 1554 2026 GL

177 2054 327 2124 maltras.
378 2051 625 2124 Homhvrch
660 2052 702 2124 de
737 2075 842 2128 censu
868 2050 961 2124 ΙΙΙΙ(π
984 2053 1088 2126 libras
1129 2063 1163 2124 et
1189 2053 1358 2126 dimidium
1384 2054 1554 2144 frumenti,

179 2153 215 2224 Ο.
242 2151 385 2235 maltro,
420 2155 492 2224 vini
517 2151 581 2222 XX
608 2161 770 2224 carratas.
825 2150 1106 2224 llarlelrureh
1134 2154 1175 2224 de
1201 2155 1342 2226 teloneo
1369 2153 1428 2225 LX
1449 2153 1553 2226 libras

177 2252 406 2342 denariorum,
431 2251 473 2324 de
499 2249 658 2322 censibus
684 2250 717 2322 X
741 2251 869 2339 libras,
896 2251 1053 2324 frumenti
1080 2251 1116 2324 G.
1146 2253 1285 2343 maltro,
1323 2253 1364 2324 de
1400 2257 1555 2348 precaria

177 2356 248 2424 vini
275 2351 305 2422 V
332 2361 496 2438 carratas,
522 2349 564 2421 de
589 2353 796 2445 proprietate
822 2353 895 2422 vini
916 2351 1013 2423 XXX
1040 2362 1201 2425 carratas.
1229 2349 1563 2447 ApudSeligen³

180 2461 272 2526 stat
298 2451 339 2521 de
367 2473 472 2524 censu
494 2447 585 2521 Xllll
611 2444 727 2524 libras.
755 2449 855 2546 Apud
880 2450 1065 2524 Eislehe
1092 2474 1201 2522 auene
1227 2451 1253 2522 L
1275 2452 1419 2540 multra,
1453 2454 1554 2523 tritici

181 2552 238 2624 XL
268 2550 412 2638 maltra,
452 2551 598 2642 siliginis
625 2549 683 2621 LX
708 2549 849 2639 maltra,
881 2549 923 2622 do
950 2561 1028 2622 octo
1054 2554 1202 2638 mansis,
1229 2573 1372 2646 quorum
1399 2560 1469 2623 tres
1495 2553 1554 2622 in-

181 2651 261 2722 culti
290 2659 379 2740 sunt,
405 2653 549 2744 quinque
575 2649 712 2721 soluunt
738 2650 769 2718 V
794 2671 933 2744 porcos
959 2652 1060 2720 tritici
1086 2650 1116 2721 V
1143 2651 1283 2740 multra,
1318 2651 1464 2744 siliginis
1489 2649 1553 2722 XV

181 2751 315 2823 maltra.
367 2747 668 2820 Geltersheim
706 2771 766 2842 per
799 2758 904 2820 totum
938 2747 1095 2820 frumenti
1130 2748 1213 2822 CCL
1252 2750 1392 2838 maltro,
1426 2771 1552 2846 porcos
1648 2797 1650 2801 -

181 2851 236 2942 X,
264 2849 478 2921 denariorum
503 2846 581 2918 Vlll
607 2847 724 2921 libras.
776 2847 876 2943 Apud
899 2848 1058 2937 Ehem,
1084 2849 1349 2938 Salabercl1‚
1375 2849 1552 2921 Vacha-

181 2949 340 3044 dorpfr,
376 2947 714 3038 lllelrichestat‚
746 2947 1009 3042 liochpereh
1034 2971 1096 3044 per
1122 2959 1228 3021 totum
1254 2950 1469 3022 denariorum
1498 2947 1554 3022 CC

24 3103 25 3106 ,
181 3049 299 3136 libras,
336 3047 494 3120 frumenti
520 3045 681 3118 CCCLVI
719 3049 848 3119 maltra.
912 3048 1010 3142 Apud
1046 3049 1302 3121 Herleheim
1337 3051 1552 3122 denariorum

24 3207 25 3216 a
182 3149 244 3220 XV
271 3147 388 3239 libras⁷
415 3159 449 3220 et
474 3147 576 3235 alios,
603 3149 632 3216 si
659 3149 713 3241 qui
741 3159 829 3239 sant,
854 3169 916 3242 pre
931 3148 1024 3220 mille
1051 3159 1086 3219 et
1098 3154 1261 3222 trecentis
1278 3153 1402 3222 mareis
1422 3153 1556 3241 argenti

183 3248 223 3320 de
251 3247 370 3344 predio
397 3245 620 3332 tambach,
648 3269 668 3316 a
694 3246 779 3318 duee
805 3249 944 3319 Austris
960 3246 1092 3338 habitis,
1120 3259 1229 3343 etpre
1246 3249 1556 3344 ampliorisumma,

184 3371 280 3443 quam
308 3347 350 3419 ab
376 3351 451 3442 ipso
477 3346 567 3418 forte
594 3355 792 3440 recepturus
820 3369 906 3436 sum,
933 3346 1049 3441 obligo
1076 3347 1301 3422 confratribus
1315 3352 1400 3420 meis
1418 3350 1556 3420 maioris

185 3449 355 3538 ecclesie,
394 3449 537 3542 stipsis
571 3448 906 3520 amministrationem
945 3447 1130 3521 eorundem
1167 3447 1331 3520 redituum
1371 3450 1556 3538 committo,

186 3551 340 3643 exceptis
368 3545 628 3619 abuentionihus
654 3555 689 3617 et
714 3545 818 3620 lucris
844 3550 997 3636 incertis,
1023 3569 1088 3642 que
1113 3558 1251 3644 propter
1277 3557 1392 3621 certos
1405 3546 1555 3619 redditus

186 3649 351 3740 contingit
377 3645 775 3741 aliquando'prouenire‚
802 3656 836 3718 et
863 3645 1107 3742 exceptishiis‚
1133 3669 1197 3742 que
1213 3647 1312 3719 michi
1329 3648 1369 3718 ad
1386 3668 1556 3743 expensas

187 3746 225 3820 ab
253 3751 337 3842 ipsis
362 3746 488 3818 fuerint
514 3745 682 3840 deputata,
708 3743 892 3841 doneeper
906 3751 1001 3842 ipsos
1014 3755 1085 3819 iota
1100 3746 1251 3843 predicte
1267 3751 1409 3843 pecunie
1427 3769 1557 3820 summa

188 3849 220 3918 in
245 3851 415 3940 integrum
441 3847 485 3920 sit
509 3856 648 3941 recepta
675 3856 709 3917 et
734 3845 874 3918 eosdem
901 3847 1050 3920 redditus
1076 3869 1138 3942 pro
1164 3869 1271 3943 posse
1295 3869 1373 3919 meo
1390 3857 1557 3942 tamquam

188 3950 219 4018 in
246 3945 399 4022 manibus
425 3949 511 4020 meis
538 3967 600 4018 eos
626 3944 799 4032 haberem,
824 3956 1001 4042 protegam
1028 3945 1173 4019 fideliter
1198 3957 1233 4018 et
1259 3947 1447 4019 delendam.
1494 3947 1556 4020 ln-

189 4067 289 4142 super
314 4045 497 4134 ascillas,
523 4067 590 4118 neo
615 4045 702 4120 elios
728 4045 877 4122 redditus
905 4047 1119 4143 episcopales
1147 4071 1165 4118 a
1192 4047 1282 4121 festo
1302 4051 1410 4124 saneti
1423 4047 1558 4120 Martini
