3794 4722
921 412 1138 486 Monumentu

940 845 1066 920 CLVII.

894 1047 984 1110 'Anno
1014 1039 1104 1112 119⁹.

316 1233 513 1307 Gotefridus
545 1231 828 1325 wirziburgensis
863 1195 1035 1304 ecciesiae
1070 1234 1178 1304 maior
1215 1231 1430 1326 praepositus
1464 1225 1697 1301 Woiframum

351 1334 475 1407 Rufum
504 1352 607 1428 super
633 1333 742 1403 altaro
768 1330 859 1402 beati
884 1331 1105 1403 Pantaleonis
1133 1335 1281 1403 martiris
1310 1334 1343 1401 in
1369 1328 1518 1424 capitulo
1545 1329 1654 1402 tradit

416 1490 493 1596 Ego
521 1497 783 1574 Gotefridus
811 1495 866 1568 dei
881 1495 1285 1592 gratiawiraiburgensis
1301 1497 1448 1590 ecclesie
1474 1501 1584 1592 major
1609 1521 1696 1594 pre-

313 1605 445 1698 positus
472 1612 588 1674 notum
616 1597 689 1670 lieri
715 1601 814 1694 cupio
841 1595 1057 1692 presentibus
1095 1607 1129 1670 et
1163 1597 1204 1670 ad
1237 1597 1427 1670 futurorum
1454 1603 1694 1692 cognicionem

313 1703 509 1798 peruenire,
536 1699 680 1795 qualiter
706 1697 871 1792 quendam
899 1720 1034 1769 seruum
1070 1719 1181 1768 meum
1217 1697 1379 1770 uidelicet
1403 1697 1532 1770 Woli
1536 1721 1694 1770 ramum

312 1799 463 1874 Rufum
491 1823 553 1894 pro
579 1797 732 1870 remedio
759 1791 871 1888 anime¹
893 1820 964 1888 mec
1000 1819 1219 1892 meorumque
1244 1810 1420 1894 parentum
1458 1821 1561 1895 super
1587 1799 1696 1870 altaro

314 1899 405 1972 beati
430 1899 649 1974 Pantaleonis
676 1901 836 1987 martiris,
863 1897 952 1992 quod
992 1908 1045 1970 est
1079 1901 1112 1968 in
1140 1897 1307 1992 capitulo,
1340 1897 1451 1970 libere
1494 1909 1528 1970 et
1566 1897 1695 1994 absque

315 2002 407 2072 omni
433 1997 702 2072 contradictione
729 2021 770 2068 ea
797 1997 1000 2068 condicione
1027 1997 1226 2085 contradidi,
1253 2009 1289 2088 ut
1314 2000 1348 2070 in
1368 1999 1583 2070 dedicatione
1609 2021 1696 2094 pre-

315 2097 394 2172 dicti
419 2097 535 2171 altaris
573 2110 638 2176 tam
671 2101 747 2194 ipse
774 2119 874 2192 quam
898 2099 1007 2168 omnis
1035 2099 1245 2192 posteritatis
1272 2101 1346 2174 eius
1387 2102 1580 2190 successio,
1605 2120 1699 2192 que-

316 2221 457 2294 cumque
482 2221 633 2296 persona
657 2197 723 2270 XX
764 2220 873 2270 annos
907 2207 943 2268 et
979 2219 1081 2292 supra
1109 2194 1283 2286 habuerit,
1317 2209 1388 2270 tres
1428 2200 1590 2270 denarios
1616 2207 1699 2292 quot

316 2303 412 2372 annis
439 2299 643 2396 persoluens
669 2295 711 2370 ab
738 2300 830 2370 omni
855 2297 1034 2376 ¹seruitutis
1063 2299 1144 2391 iugo
1171 2297 1279 2370 libera
1304 2295 1432 2370 existat
1458 2310 1493 2370 et
1519 2319 1594 2370 cum
1622 2297 1698 2372 aliis

317 2399 469 2472 eiusdem
497 2399 614 2472 altaris
641 2396 859 2471 censualibus
886 2396 1079 2468 tantundem
1096 2419 1221 2470 census
1237 2397 1513 2492 persoluentibus
1529 2397 1619 2470 idem
1637 2420 1700 2494 per

318 2505 431 2572 omnia
457 2503 509 2573 ius
536 2499 679 2589 habeat,
705 2502 850 2594 uniqueq
878 2501 932 2592 qui
959 2501 1077 2569 senior
1104 2501 1167 2588 sit,
1204 2497 1359 2570 omnibus
1387 2496 1530 2572 debitum
1559 2520 1722 2584 censumx

322 2603 490 2672 annuatim
519 2603 685 2691 assignet
705 2599 747 2668 ¹ut
773 2598 833 2670 iile
860 2619 937 2670 eum
965 2607 1089 2670 statuto
1118 2601 1262 2668 termino
1278 2597 1701 2694 superpredictumaltare

321 2699 451 2770 offerat.
505 2699 669 2770 Preterea
696 2699 868 2786 constitui,
895 2707 1023 2768 uttam
1050 2699 1138 2792 ipse,
1165 2719 1261 2792 quam
1290 2701 1490 2792 quicumque
1526 2697 1569 2770 de
1594 2699 1700 2792 ipsius

320 2797 448 2870 situel
474 2797 575 2868 fuerit
600 2800 767 2892 progenie
795 2807 829 2867 et
853 2795 918 2869 XX
945 2819 1053 2870 annos
1087 2795 1143 2868 uel
1170 2795 1313 2892 amplius
1339 2797 1504 2887 habuerit,
1529 2797 1702 2870 masculus

323 2907 405 2992 post
432 2893 556 2968 obitum
582 2894 681 2968 XXX
693 2896 866 2986 denarios,
892 2897 1016 2968 semina
1033 2919 1118 2968 uero
1140 2896 1205 2968 XX
1234 2907 1357 2968 tantum
1379 2897 1566 2992 persoluat.
1590 2895 1700 2970 Porro
1791 2979 1793 2984 ,

324 2995 546 3068 tradicionem
575 2995 717 3090 predicti
742 2996 801 3068 W.
828 2997 894 3068 ieci
921 3019 983 3091 per
1008 3019 1127 3068 manus
1154 2995 1426 3069 salamannorum
1453 3019 1606 3070 meorum
1641 2999 1701 3068 ui-

323 3093 450 3166 delicet
474 3093 621 3167 Vlric'i
648 3095 689 3166 de
715 3095 874 3186 Durae,
902 3094 1139 3168 Sibotonis
1166 3095 1208 3168 do
1236 3096 1421 3188 Cimber,
1446 3097 1631 3169 chrici
1659 3093 1702 3168 de

317 3193 571 3268 Eberbach.
624 3193 670 3266 Vt
695 3197 797 3288 igitur
822 3193 889 3267 hoc
912 3195 1034 3268 iactum
1070 3206 1179 3268 ratum
1206 3207 1240 3268 et
1274 3195 1511 3270 inconuulsum
1539 3195 1702 3292 deinceps

322 3306 523 3390 permanent
557 3305 752 3390 presentem
790 3299 947 3390 paginam
983 3295 1062 3366 inde
1098 3295 1166 3368 i'eci
1205 3291 1378 3370 conscribi
1413 3307 1448 3368 et
1485 3299 1703 3392 inpressione

327 3393 434 3488 sigilii
461 3397 571 3467 tocius
598 3393 693 3466 chori
722 3395 763 3466 de
790 3399 989 3466 auctoritate
1015 3397 1122 3491 ipsius
1149 3405 1183 3466 et
1208 3417 1285 3466 mea
1299 3395 1467 3468 roborari.
1518 3397 1625 3470 Huius
1651 3397 1702 3468 rei

325 3505 434 3568 testes
463 3505 558 3568 sunt:
587 3493 811 3570 Volenandus
829 3493 1128 3583 cantonPersius,
1155 3495 1702 3590 GerungusNicotaus„Ditricus

321 3593 503 3683 Blumebn,
529 3593 766 3686 Engelhnrdus
780 3593 931 3688 Longus,
949 3593 1180 3666 Heinricusde
1193 3593 1505 3695 Wilieberestetim
1520 3595 1701 3668 Heinricus

326 3691 534 3772 detortam„
561 3693 738 3766 Conradus
765 3693 913 3784 Saeuus,
938 3691 1135 3766 Herbordus
1152 3695 1328 3768 sacerdos.
1380 3695 1494 3768 Laici:
1521 3695 1702 3768 Heinricus

322 3791 367 3864 de
390 3793 561 3882 Binzueit
588 3792 763 3866 Liutoidus
790 3793 975 3882 scultetum
1009 3793 1189 3866 Heinrieos
1216 3793 1258 3865 de
1283 3793 1483 3884 Eberbacb‚
1520 3799 1575 3888 qui
1602 3793 1702 3867 sala-

320 3913 462 3964 mannus
489 3893 562 3978 ῐιιίιἦ
588 3891 745 3966 Albunus
770 3896 944 3987 pincerna,
968 3894 1178 3988 Beringerus
1204 3893 1292 3966 fitius
1315 3894 1495 3985 Ricbaimi
1519 3895 1703 3968 Heinricus

325 3991 432 4064 irater
458 3991 610 4064 eiusdem
638 3991 680 4064 de
705 3991 896 4085 Telebeim,
923 3993 1039 4066 Chuno
1066 3993 1237 4084 Woiuoit,
1265 3993 1441 4068 Conradus
1463 3995 1705 4088 Hunincboiin,
