3774 4728
329 455 402 528 198
756 513 759 522 ,
905 455 1123 526 blonumeuta

429 655 516 726 Data
540 653 654 726 Rome
681 674 769 725 anno
796 656 1040 726 incarnationis
1066 649 1235 724 dominice
1260 651 1305 724 bl.
1334 648 1401 723 CO.
1428 651 1541 741 xvt,
1567 651 1709 747 pontili-

326 753 583 928 pppppuplppnippp
595 776 691 850 ,pape
716 751 908 825 lnnocentii
935 775 1023 825 anno
1051 763 1195 843 octauo,
1221 752 1353 825 decimo
1380 755 1509 826 mensis
1534 752 1709 826 Februarii

538 1049 675 1134 Sigillum
697 1048 832 1134 llugonls
855 1047 1003 1130 appendet
1026 1067 1065 1110 ex
1086 1047 1228 1130 particula
1245 1047 1454 1110 membranae·
1478 1057 1710 1130 repraesentans

537 1139 710 1216 episcopum
733 1131 905 1205 sedentem
939 1152 1005 1194 cum
1028 1138 1238 1215 inscriptione:
1265 1131 1394 1198 SlGlLL.
1417 1094 1503 1196 llic.
1525 1135 1598 1196 lllll.
1621 1135 1709 1198 Gllll.

535 1220 583 1284 0s
606 1264 614 1280 .
639 1269 645 1283 .
669 1266 688 1298 .,
710 1219 769 1282 EN.
794 1225 824 1281 et
844 1217 1076 1282 UELLETREN.
1097 1219 1165 1283 EPl.

963 1635 1078 1710 CXCI.

748 1823 836 1884 Anno
859 1819 949 1884 1216.
997 1819 1043 1883 11.
1066 1819 1143 1898 llaii,
1166 1819 1328 1903 llerbipoli.

423 1986 618 2065 Fridericus
644 1987 684 2062 Π.
712 2015 789 2082 rex,
816 1991 1051 2065 consuetudini
1079 1995 1155 2064 sive
1196 1995 1260 2064 iuri
1301 1993 1487 2088 occupandi
1513 2014 1571 2066 res
1598 1988 1708 2064 dece·

326 2091 474 2163 dentium
502 2095 741 2187 episcoporum
768 2103 803 2164 et
829 2091 985 2164 abbatum
1025 2101 1059 2162 et
1094 2103 1283 2186 proventus
1319 2093 1542 2166 ecclesiarum
1584 2092 1708 2164 calbe-

326 2191 468 2263 dralium
504 2203 539 2264 et
564 2192 770 2263 abbatiarum
810 2215 871 2287 per
912 2195 1015 2264 totius
1057 2194 1134 2262 anni
1160 2192 1338 2293 circulum¹
1359 2197 1393 2265 in
1427 2215 1510 2266 usus
1548 2197 1707 2288 proprius

327 2292 565 2380 convertendi,
592 2313 689 2386 quam
716 2301 960 2364 antecessores
988 2293 1041 2363 sui
1067 2301 1311 2382 exercuerunt,
1330 2298 1558 2382 renuncians,
1592 2292 1708 2365 Ottoni

325 2389 558 2488 herbipolensi
570 2395 733 2486 episcopo
746 2395 887 2486 eiusque
904 2391 1076 2463 ccclesiae
1089 2391 1240 2486 speciale
1251 2390 1541 2487 bocprivilegium
1553 2393 1706 2488 largitur.

533 2589 650 2653 Erillum
671 2595 701 2652 ln
722 2589 799 2653 blon.
822 2589 905 2656 bolo.
947 2587 1012 2651 Vol.
1034 2587 1124 2651 111111
1147 2589 1223 2652 Part.
1246 2589 1266 2653 l.
1288 2607 1357 2673 pag.
1381 2585 1421 2651 41
1444 2589 1496 2653 llr.
1517 2588 1646 2653 ucxlx.

948 3005 1076 3080 cxcu.

672 3209 760 3270 Anno
785 3201 876 3267 1216.
924 3203 972 3268 17.
994 3207 1134 3290 Augusti,
1157 3203 1363 3269 Wtrceburcb.

322 3393 396 3465 Otto
422 3391 674 3489 herbipolensis
709 3395 891 3488 episcopus
927 3395 1067 3466 maioris
1104 3389 1278 3464 ecclesiae
1316 3389 1543 3464 confratribus
1583 3413 1704 3466 omnes

321 3492 471 3566 redditus
507 3491 724 3588 episcopales
757 3490 906 3563 nondum
945 3493 1190 3586 oppigneratas
1234 3511 1298 3585 pro
1337 3489 1432 3562 mille
1470 3501 1505 3563 et
1540 3495 1704 3565 trecentis

321 3597 446 3668 marcis
474 3591 516 3664 de
541 3589 680 3688 praedio
705 3589 876 3663 Lambacb
905 3613 923 3661 a
951 3591 1036 3663 duce
1052 3592 1215 3663 Austriae
1230 3589 1353 3663 habitis
1370 3589 1511 3684 obligat,
1537 3592 1704 3686 simulque

320 3695 504 3789 promittit,
539 3714 579 3766 se
611 3692 738 3764 nullam
766 3691 1028 3782 alienationem,
1054 3713 1140 3785 quae
1165 3689 1272 3784 vulgo
1299 3691 1413 3784 Dioge
1439 3689 1578 3782 dicitur,
1612 3695 1703 3763 circa

538 3791 686 3866 barones
713 3802 827 3864 terrae
852 3791 1017 3864 iacturum
1044 3811 1126 3864 csse
1151 3789 1210 3862 vel
1238 3789 1471 3866 admissurum.
1577 3887 1583 3903 ι

420 3941 446 4016 l.
471 3967 504 4018 n.
532 3943 565 4015 d.
591 3967 622 4019 a.
659 3943 738 4038 ugo
756 3942 856 4017 Otto
874 3945 986 4017 diuina
1001 3946 1223 4018 miseratione
1237 3941 1489 4040 herbipolensis
1505 3947 1699 4040 episcopus.

322 4043 449 4122 Omnes
475 4043 624 4120 redditus
650 4044 879 4141 episcopales,
906 4047 963 4140 qui
989 4041 1097 4116 adbuc
1121 4066 1191 4118 nou
1215 4053 1293 4118 sunt
1308 4043 1463 4140 obligati,
1489 4041 1700 4121 subnotatos
