3794 4722
353 448 426 523 too
936 443 1153 522 nonaum·

352 659 542 743 tempomm
575 666 744 740 nunquam
779 647 814 718 in
846 644 970 720 eodem
1003 655 1093 721 statu
1111 645 1401 742 ¹permanencium
1426 643 1532 718 laclia
1554 645 1732 718 damasit

353 749 517 820 memoria
543 745 746 837 mortalium,
773 769 815 818 ea
841 768 907 842 que
933 757 1096 842 gerantur
1123 745 1245 819 litteris
1272 753 1487 834 annotantur,
1512 767 1557 817 na
1582 753 1640 816 aut
1660 765 1732 816 oa·-

351 857 477 922 tustate
502 856 691 942 temporum
717 858 977 942 pertranseant,
1002 859 1060 920 aut
1084 869 1147 944 pro
1174 849 1228 922 sui
1254 849 1420 918 uarietate
1444 844 1598 918 tenebris
1615 847 1731 938 iguo-

352 949 461 1022 rantie
495 945 553 1020 uel
587 943 770 1019 obliuionis
808 946 968 1020 obuoluta
1004 957 1230 1021 extenuentur
1266 946 1324 1020 nel
1349 955 1567 1020 cumreseant.
1618 939 1729 1038 igitur¹

352 1049 522 1145 presentis
548 1049 673 1144 pagine
699 1048 894 1122 testimonio
922 1050 1013 1122 scire
1039 1047 1141 1120 dehet
1160 1049 1308 1120 omnium
1331 1045 1477 1120 lidelium
1495 1045 1551 1118 dei
1570 1054 1605 1116 et
1620 1046 1732 1118 nostri

353 1160 419 1220 tam
446 1169 590 1244 presens
617 1157 692 1219 etas
716 1169 813 1240 quam
841 1148 952 1220 lutura
977 1150 1168 1238 successio,
1195 1147 1339 1242 qualiter
1355 1143 1487 1240 quidam
1502 1143 1732 1219 Eokehar-

353 1249 432 1323 dus
459 1249 611 1321 conciuis
638 1257 768 1332 noster,
794 1251 904 1320 uicem
924 1248 1116 1344 prefecture
1136 1270 1276 1341 gerens,
1302 1245 1465 1340 quandam
1484 1243 1575 1318 ltonc
1590 1243 1729 1341 yndolis

352 1347 566 1421 iuuencnlam
593 1349 731 1419 nomine
756 1347 1018 1420 Richeidam
1046 1351 1119 1420 iure
1145 1347 1277 1443 quidem
1300 1347 1534 1442 proprietatis,
1561 1355 1616 1418 set
1639 1345 1732 1416 linea

353 1449 657 1540 consanguinitatis
684 1445 748 1520 sibi
774 1445 963 1534 deuinctam
990 1451 1077 1521 inter
1097 1449 1184 1524 alios
1207 1447 1362 1520 homines
1380 1456 1519 1542 paterna
1541 1443 1731 1518 hereditate

353 1547 397 1621 ad
414 1569 491 1620 eum
507 1546 688 1618 deuolutus
705 1547 871 1642 possedit,
885 1572 982 1644 quam
1002 1559 1139 1644 petente
1162 1551 1237 1643 ipso
1256 1549 1415 1640 genitore
1433 1567 1496 1620 suo
1512 1545 1667 1618 Billun
1679 1567 1731 1639 go

353 1647 507 1735 tribuno,
547 1645 625 1718 dum
662 1649 694 1717 in
729 1653 893 1720 extremis
930 1652 995 1720 iam
1030 1659 1126 1722 esset
1160 1651 1311 1744 positus,
1352 1667 1413 1742 pro
1439 1647 1492 1720 sui
1518 1649 1731 1719 memoriae

353 1750 492 1845 proprio
527 1746 677 1818 dominio
713 1745 896 1821 absoluere
932 1760 967 1821 et
1001 1751 1240 1822 manumissam
1274 1749 1496 1842 omnipotenti
1527 1745 1665 1820 domino
1698 1756 1734 1820 at

355 1849 482 1922 sanctis
509 1849 584 1920 eins
613 1845 769 1940 obligare
795 1849 849 1943 pia
876 1849 1104 1922 sollicitudine
1132 1847 1342 1921 deliberarit.
1393 1845 1511 1941 ltaque
1534 1867 1611 1918 oum
1638 1851 1731 1918 iuxta

354 1947 559 2022 desiderium
585 1969 682 2019 suum
708 1957 743 2019 et
769 1959 883 2020 uotum
910 1953 975 2022 iam
999 1960 1095 2023 esset
1119 1951 1151 2021 in
1171 1951 1346 2044 procinctu
1364 1949 1495 2021 itineris
1509 1944 1733 2020 heatiJaoobi

354 2048 515 2145 apostoli,
534 2047 655 2120 ·habito
676 2047 885 2142 quorundam
910 2049 1120 2122 dominorum
1149 2051 1389 2122 canonicorum
1415 2045 1459 2119 dc
1483 2049 1604 2120 maiori
1631 2051 1730 2143 eapi-

354 2143 427 2222 t'ulo
453 2159 488 2220 et
512 2145 659 2229 iidclium
685 2150 870 2220 amicorum
896 2173 1035 2222 suorum
1061 2149 1202 2245 pronido
1229 2171 1313 2220 sane
1336 2147 1482 2220 consilio
1501 2137 1617 2221 coram
1637 2147 1734 2244 ydo-

354 2253 430 2324 neis
455 2247 610 2339 testibus,
636 2244 772 2322 olorinis
800 2250 959 2322 uidelicet
984 2261 1018 2322 et
1044 2248 1172 2346 layoiS,
1198 2249 1340 2321 eandem
1366 2257 1547 2340 cognatam
1574 2271 1669 2320 suam
1695 2253 1732 2320 in

355 2351 492 2446 propria
518 2369 667 2444 persona
694 2369 756 2422 sua
782 2352 993 2445 prasentanit
1017 2360 1052 2422 et
1077 2353 1267 2422 ammonitis
1294 2351 1448 2444 primum,
1471 2358 1508 2419 ut
1532 2347 1607 2420 fieri
1628 2349 1733 2438 solat,

355 2449 677 2524 fideicommissariis
687 2470 800 2522 rerum
809 2473 957 2536 suarum,
968 2453 1023 2543 qui
1037 2453 1070 2522 in
1082 2453 1328 2544 presentiarum
1341 2458 1449 2538 erant,
1458 2447 1733 2544 perfiduoian'am

357 2572 490 2623 manum
517 2559 742 2642 cognatorum
769 2569 905 2620 suornm
930 2547 1204 2622 Erkenbaldi
1233 2547 1394 2620 uidelicet
1419 2558 1455 2619 et
1476 2547 1733 2638 Wicmanni,

357 2649 416 2724 lrlii
432 2652 565 2724 sororis
577 2651 665 2736 eius,
683 2657 718 2718 ut
732 2652 950 2722 occasionem
969 2649 1070 2720 alieni
1089 2648 1225 2721 dominii
1242 2649 1283 2720 alu
1299 2671 1339 2720 ea
1357 2671 1498 2742 prorsas
1512 2661 1734 2738 ammoneret,

356 2773 425 2822 non
451 2770 555 2844 super
579 2747 686 2819 altare
713 2747 776 2820 sed
801 2770 905 2844 super
929 2752 1106 2844 preciosas
1127 2750 1273 2842 gloriosi
1294 2751 1440 2820 martiris
1457 2743 1581 2820 Christi
1598 2749 1735 2847 llpliani

357 2849 538 2942 reliquias,
579 2845 620 2916 ab
653 2847 751 2918 altari
783 2871 846 2943 pro
873 2859 1026 2944 tempore
1063 2850 1267 2938 translatas,
1307 2847 1447 2920 eandem
1474 2847 1735 2922 Rieheidam

358 2971 432 3018 cum
461 2950 551 3018 omni
576 2949 777 3040 posteritate
810 2971 871 3020 arra
904 2947 1011 3048 libera
1048 2971 1088 3020 ac
1124 2972 1294 3046 propensa
1320 2949 1494 3020 uoluntate
1521 2950 1734 3023 contradidit

360 3049 484 3119 Statuit
509 3057 632 3146 alutem,
658 3057 694 3117 ut
719 3069 928 3142 quecumque
954 3071 1103 3120 concors
1130 3051 1355 3142 congregatio
1381 3051 1521 3122 maioris
1541 3051 1677 3146 capituli
1700 3055 1735 3122 in

359 3146 524 3218 decanum
552 3143 614 3218 sibi
643 3150 825 3236 creauerit,
851 3151 925 3220 eius
951 3151 1105 3220 nimirum
1133 3151 1294 3244 potestati
1310 3151 1525 3244 omniumque
1539 3151 1736 3244 sqccaden-

359 3250 437 3318 tium
474 3249 507 3318 in
541 3248 615 3316 eius
650 3246 729 3318 loco
764 3247 969 3320 decanorum
1007 3252 1196 3345 patrocinio
1233 3252 1360 3344 pariter
1396 3259 1431 3322 et
1464 3250 1577 3324 allicio
1615 3251 1736 3324 eadem

360 3347 484 3418 lamina
510 3369 586 3418 cum
613 3349 704 3418 omni
731 3351 956 3422 successione
978 3344 1043 3423 'sua
1068 3353 1251 3423 commissa
1277 3348 1442 3423 obediens
1468 3359 1504 3423 et
1529 3349 1660 3425 subdita
1678 3355 1735 3424 sit.

358 3447 411 3520 Eo
437 3457 549 3520 tamen
576 3455 709 3534 tenore,
734 3459 769 3520 nt
795 3459 860 3519 tam
887 3453 973 3544 ipsa,
999 3471 1097 3545 quam
1122 3453 1246 3538 omnis,
1272 3453 1327 3546 qui
1351 3451 1385 3522 in
1406 3453 1607 3548 posteritate
1628 3456 1737 3549 ipsius

358 3552 467 3620 maior
492 3557 571 3618 natu
597 3550 742 3634 existat,
782 3554 951 3621 annuatim
977 3551 1010 3621 in
1038 3549 1155 3643 uigilia
1180 3550 1302 3625 natalis
1329 3549 1487 3624 dominici
1536 3573 1576 3624 ro
1612 3553 1737 3627 indicio

360 3669 422 3722 suc
448 3647 668 3722 subiectionis
696 3651 814 3742 suique
848 3651 930 3722 iuris
964 3647 1133 3720 dimidium
1167 3651 1327 3721 talentum
1354 3651 1481 3745 piperis
1505 3573 1641 3726 domino
1667 3653 1737 3725 de-

359 3771 445 3822 cano
471 3745 694 3820 indubitanter
720 3749 905 3843 persoluat.
957 3747 1128 3844 Deinceps
1154 3773 1239 3821 uero
1268 3753 1412 3822 inmunis
1446 3750 1488 3822 ab
1522 3756 1613 3824 omni
1652 3777 1738 3826 sor-

359 3855 466 3922 uitute
491 3851 647 3922 existens
673 3849 798 3920 nullius
825 3847 993 3938 aduocati,
1019 3847 1143 3920 nullius
1170 3853 1308 3922 omnino
1321 3852 1453 3945 priuata
1471 3857 1653 3945 potestatis
1672 3857 1738 3926 iuri

359 3948 579 4049 respondeat,
605 3971 686 4045 ymo
713 3967 777 4020 nec
805 3951 880 4043 ipso
896 4002 929 4019 ..
958 3947 1089 4020 decano
1115 3971 1218 4044 super
1250 3948 1302 4036 id,
1336 3947 1425 4043 quod
1459 3951 1492 4022 ei
1518 3955 1738 4027 constitutum

360 4062 425 4142 ost,
452 4050 521 4123 olla
548 4071 624 4122 aum
659 4052 851 4122 exactionis
886 4049 1006 4120 iniuria
1040 4052 1210 4143 angariari
1243 4049 1366 4140 liceat,
1403 4071 1521 4124 aarum
1556 4063 1738 4150 postquam
