3768 4728
640 358 856 455 episcopatus
883 353 1180 451 wiruiburgeusis.
1526 356 1599 434 325

216 554 414 634 Guouradus
442 551 485 630 de
510 551 662 648 Inlorno,
688 557 868 632 lleinricus
895 555 1003 632 dictus
1030 553 1183 632 Zicbolin
1210 559 1367 652 institor,
1393 557 1600 638 Godofridus

215 659 323 732 dictus
349 654 516 752 Magister
542 662 688 752 coquina
725 669 760 731 at
793 657 1017 732 Volknandus
1052 655 1161 732 dictum
1195 657 1426 750 blarscalcus,
1461 659 1600 754 iratres,

213 759 393 832 lloinricus
421 757 463 829 do
490 754 628 848 Storen,
655 758 855 833 Guonradus
882 759 925 832 da
950 756 1127 848 Fribarob,
1154 757 1354 834 Cuonradus
1383 759 1425 834 de
1451 759 1599 836 Heidin-

214 859 322 952 beina,
354 857 562 952 liudegerus
609 858 651 931 de
686 857 897 932 Swinldrtbo
936 869 971 932 et
1012 859 1147 956 plurimi
1188 861 1284 933 ciues
1324 858 1598 958 herbipolenses.

214 959 336 1033 Actum
363 980 453 1031 anno
478 956 604 1031 domini
630 959 688 1031 Mo·
721 957 803 1032 00⁰·
835 959 919 1034 XL0·
953 969 1068 1050 sexto,
1095 963 1131 1032 in
1157 979 1277 1033 menso
1295 959 1388 1052 lllaii,
1414 961 1599 1036 indictione

214 1057 316 1154 lille,
344 1063 560 1158 episcopatus
588 1063 697 1133 nostri
724 1083 813 1134 anno
839 1063 1008 1135 vicesimo
1034 1061 1156 1158 primo.

424 1229 528 1318 sigilla
549 1227 709 1295 llermanni
734 1235 866 1316 episcopi
890 1239 920 1297 ct
941 1231 1135 1316 „parochiani
1158 1227 1407 1296 derrcoburo“
1421 1231 1599 1316 appendent.

783 1651 1026 1728 COLXXXIX.

714 1853 803 1922 Anno
829 1801 941 1938 1246,
955 1851 984 1922 2.
1008 1853 1096 1922 tum.

213 2041 379 2114 Rudottcs
407 2039 593 2115 aduocatos
620 2041 662 2114 do
688 2040 874 2137 Dornborg
900 2051 1013 2116 castra
1040 2064 1102 2116 sua
1128 2037 1312 2138 Domberg
1339 2053 1374 2114 ot
1390 2041 1595 2116 Libtenowe

214 2152 247 2212 et
272 2141 484 2213 advocatiam
513 2141 685 2215 ecclesiae
711 2146 745 2216 in
773 2141 968 2215 Onolsbacb
995 2163 1071 2214 cum
1098 2140 1252 2214 omnibus
1265 2145 1479 2239 pertinentiis
1508 2142 1595 2216 ber-

213 2240 383 2338 bipolensi
411 2241 583 2314 ecclesiae
608 2243 724 2336 legat,
750 2246 779 2315 si
807 2241 936 2338 absquo
962 2241 1082 2314 liberis
1109 2242 1310 2332 decederet,
1347 2244 1445 2316 salva
1483 2252 1596 2316 tamen

216 2339 421 2436 conditione,
449 2365 544 2438 quam
573 2341 615 2415 de
643 2354 757 2416 castro
771 2341 973 2416 Libtenowo
1000 2351 1034 2416 et
1060 2352 1195 2414 centum
1223 2341 1385 2416 librarum
1410 2341 1595 2418 redditibus

511 2445 612 2517 uxori
638 2465 722 2517 suae
749 2441 907 2516 dominae
934 2443 1125 2538 Cunigundi
1151 2441 1291 2516 lecerat.

340 2615 359 2680 l.
384 2633 412 2678 n.
436 2613 462 2676 d.
487 2633 513 2678 a.
558 2611 749 2678 lludollus
774 2613 938 2677 aduocatos
961 2611 1000 2676 de
1021 2613 1225 2698 Dornberg
1256 2611 1392 2677 omnibus
1425 2618 1456 2675 ln
1479 2631 1595 2698 pospo-

213 2708 303 2764 tuum.
349 2699 422 2764 Cum
444 2719 518 2782 sepe
542 2699 653 2783 diuque
668 2709 767 2764 uiuente
782 2701 920 2785 pervigili
936 2699 974 2763 de
990 2705 1181 2764 successuris
1196 2699 1284 2763 micbi
1299 2700 1445 2763 bonorum
1460 2717 1596 2763 meorum

211 2785 371 2850 heredibus
393 2791 607 2870 pertractarem
629 2791 708 2850 inter
731 2791 973 2870 consanguineos
1007 2793 1038 2848 et
1060 2791 1189 2866 amicos,
1221 2803 1348 2867 quorum
1371 2784 1407 2848 ab
1429 2803 1488 2848 una
1509 2791 1595 2868 parto

214 2873 355 2938 naturalis
379 2871 490 2936 sederis
511 2871 694 2957 perurgebat
726 2871 844 2936 allectio
878 2879 908 2934 et
938 2869 1093 2954 placabilis
1124 2876 1297 2935 meritorum
1327 2889 1363 2934 ac
1383 2876 1596 2954 premissorum

214 2963 297 3040 copia
320 2957 357 3022 ab
381 2957 474 3022 altera
497 2957 705 3038 demulcebat,
739 2962 869 3021 omnium
893 2959 1073 3022 secularium
1104 2975 1196 3042 prece
1227 2965 1257 3020 et
1278 2956 1484 3041 persuasione
1506 2965 1596 3042 post-

212 3049 308 3126 posita
329 3049 485 3126 prouisum
507 3041 647 3107 diuinitus
670 3045 841 3126 ampleuus¹
857 3061 922 3108 sum
951 3045 1107 3107 conslbum
1138 3047 1299 3126 equitatis,
1330 3049 1362 3104 vt
1392 3048 1449 3105 nisi
1484 3061 1524 3106 cn
1545 3063 1594 3106 mo

187 3129 302 3195 ‘luerit
323 3131 416 3212 prolis
438 3135 601 3214 propagata
623 3136 802 3211 posteritas,
825 3129 901 3194 bona
923 3134 1074 3211 uniuersa,
1096 3129 1204 3212 quibus
1227 3133 1438 3214 progenitores
1461 3145 1545 3194 meos
1568 3137 1598 3192 et

212 3236 258 3280 ure
279 3219 347 3279 iuro
371 3214 482 3280 leodali
503 3215 722 3297 herbipolensis
746 3215 849 3279 ditauit
872 3215 1024 3296 ecclesia,
1056 3221 1082 3280 si
1114 3233 1172 3297 qua
1196 3221 1292 3278 eclam
1314 3220 1441 3298 antiquis
1463 3231 1594 3296 posscs-

212 3301 345 3364 sionibus
368 3318 422 3384 per
445 3319 541 3364 meam
562 3299 737 3364 industriam
760 3310 977 3382 accreueruut,
1005 3317 1065 3384 quc
1088 3301 1211 3384 abipsa
1234 3307 1373 3366 tenentur
1394 3301 1533 3379 ecclesia,
1557 3299 1594 3366 ud

211 3385 429 3470 herbipolensis
451 3387 581 3450 ecclesie
603 3385 729 3450 redeant
749 3389 925 3466 libertatem,
948 3392 1162 3451 momentaneis
1186 3395 1216 3450 ct
1237 3385 1438 3450 detinentibus
1460 3391 1491 3448 in
1519 3405 1595 3468 por-

211 3481 318 3556 petuos
342 3491 377 3536 ac
399 3471 523 3536 stabiles
547 3477 735 3536 conmutatis.
778 3471 914 3538 Prosenti
934 3477 1026 3558 igitur
1046 3480 1199 3555 protestor
1214 3478 1323 3559 pagina
1348 3480 1378 3535 et
1400 3470 1436 3534 ad
1455 3475 1593 3535 noticiam

212 3565 342 3623 omnium
375 3563 462 3641 cupio
495 3561 673 3641 peruenire,
703 3558 785 3640 quod
807 3566 903 3622 castra
933 3579 1001 3623 mea
1022 3557 1227 3644 Dornborg
1250 3568 1280 3622 et
1307 3558 1540 3621 Lihtonowe
1563 3565 1594 3620 et

212 3646 404 3708 aduocaciam
427 3645 559 3708 ecclesio
581 3649 610 3708 in
633 3643 855 3710 Onolsbacb
878 3664 946 3708 cum
967 3646 1106 3709 omnibus
1130 3645 1246 3710 adbuc
1268 3645 1482 3728 pertinentibus
1504 3642 1592 3724 villis,

212 3735 333 3810 mansis,
356 3731 448 3812 siluis,
472 3735 569 3812 aquis,
592 3735 724 3810 uiuariis,
747 3735 902 3814 piscariis,
926 3730 1122 3812 molendinis,
1146 3738 1259 3814 pratis,
1289 3731 1375 3793 cultis
1406 3735 1437 3792 et
1463 3729 1592 3808 incultis,

207 3817 324 3899 juribus
347 3821 414 3879 siue
437 3815 624 3880 solummodo
646 3819 712 3879 iure
737 3817 899 3880 aduocacle
922 3819 988 3880 siue
1011 3817 1099 3899 pleno
1121 3821 1187 3880 iure
1209 3815 1343 3880 redditus
1365 3816 1500 3879 villarum
1524 3833 1592 3877 cum

211 3903 374 3965 aduocacia
395 3901 576 3983 possideam,
599 3907 644 3965 sic
666 3903 829 3966 vonerabili
850 3909 925 3986 patri
948 3922 984 3966 ac
1006 3903 1126 3966 domino
1148 3902 1364 3966 Hermanno
1397 3905 1540 3984 episcopo
1563 3905 1594 3962 et

211 3988 413 4072 herbipolensi
436 3989 567 4055 ccclesia
590 3989 661 4073 lego
681 3989 921 4054 lrreuooabiliter
942 3996 973 4053 et
995 3993 1133 4076 assigno,
1165 3995 1196 4054 vt
1224 3993 1249 4052 si
1272 3989 1386 4072 absquo
1409 3987 1510 4052 liberis
1532 3984 1592 4049 do-
