3774 4728
433 519 448 546 ,
579 450 798 550 episcopatus
825 448 1117 548 wirziburgensis.
1472 459 1543 534 373

156 649 299 724 milites:
327 647 407 726 Oito
419 647 771 742 disposicionem,
788 650 963 728 Johsnnss
994 655 1146 748 incarne,
1162 593 1240 730 otro
1250 655 1422 754 Homolio,
1435 661 1543 736 maior

158 747 286 824 sibodo
313 759 348 824 oi
372 751 480 824 frater
492 751 698 848 liudegerus
720 755 881 826 conuersi
907 751 950 825 de
967 676 1141 852 geliporta
1168 765 1203 828 ci
1228 757 1398 854 aliiquam
1412 763 1542 858 plures.

154 853 276 928 Datum
303 849 613 949 apudWimoburg
638 875 728 928 snno
751 856 995 928 incarnationis
1013 855 1140 930 domini
1151 855 1248 932 MCC
1260 862 1542 957 quinquagesimo

155 955 312 1052 septimo,
338 963 462 1030 octavo
489 951 654 1036 kalendas
681 955 842 1052 Augusti,
867 953 1083 1062 pontificatus
1110 961 1219 1038 oosiri
1245 981 1334 1038 aomo
1358 973 1490 1063 quarto.

361 1153 541 1246 Appendeni
561 1152 621 1224 duo
642 1155 752 1250 sigilis,

740 1501 954 1580 CCCXXXJ.

619 1703 708 1770 Anno
733 1701 836 1786 1257„
858 1703 910 1772 25.
932 1703 1074 1791 Argaea.

155 1889 330 1966 Ordinatio
355 1889 443 1966 iacta
469 1911 532 1987 pes·
557 1893 756 1989 episcopum
783 1892 932 1988 iringum
970 1901 1014 1974 ei
1030 1891 1233 1980 masiliam,
1271 1889 1383 1964 mium
1421 1893 1484 1968 sibi
1522 1919 1543 1969 a

380 1991 540 2090 capitulo,
568 1991 611 2064 ds
636 1991 840 2091 praebendis
866 1992 1066 2067 vacantibus
1093 1991 1325 2066 conserendis.

254 2163 323 2236 isis
350 2172 404 2235 esi
429 2162 597 2236 ordinatio
622 2161 711 2236 iacta
749 2186 811 2260 per
847 2163 1016 2241 dominum
1055 2165 1254 2261 episcopum
1290 2173 1325 2236 ei
1360 2165 1541 2240 consilium

158 2261 267 2336 dotum
296 2262 360 2336 sibi
387 2287 405 2334 a
432 2263 591 2360 capitolo.

256 2366 348 2437 Duas
374 2363 565 2460 prebendcs
592 2375 754 2440 necantes
782 2363 873 2438 dabit
898 2369 1081 2462 opiscopus
1103 2361 1168 2438 hiis
1184 2366 1344 2460 personis
1360 2363 1542 2456 [videlicet

18 2551 19 2554 Ἴ
156 2467 320 2558 magistro
347 2464 508 2537 Gisoni
534 2463 741 2562 prebendam
767 2467 933 2564 primam,
970 2489 1035 2562 quo
1072 2464 1134 2536 suit
1159 2463 1286 2537 domini
1312 2462 1354 2536 dc
1379 2463 1541 2538 Kireh-

18 2601 19 2608 κ
156 2587 274 2662 perc,
301 2569 466 2660 magistro
493 2566 719 2660 Gregorio
745 2563 952 2664 prehendero
993 2564 1199 2655 secundam,
1234 2561 1360 2638 domini
1386 2563 1538 2661 Ruffini].

254 2665 454 2763 Propositus
495 2669 605 2740 maior
645 2690 709 2765 pro
750 2677 877 2763 nepote
912 2689 1053 2740 suo...
1093 2665 1137 2738 da
1172 2663 1538 2760 Gundsiwingsn

156 2766 336 2862 [terciam
370 2789 436 2862 quo
468 2767 531 2840 fuir
556 2765 595 2838 0.
624 2767 666 2840 de
691 2766 924 2864 broburg}
977 2767 1138 2842 Decorus
1175 2775 1326 2862 quartam
1361 2776 1541 2840 uacaniern

156 2890 217 2962 pro
249 2872 415 2961 magistro
435 2868 454 2940 J
464 2867 637 2942 ohanne
663 2865 705 2942 de
727 2867 906 2960 Thuris,
932 2867 1087 2966 [quefuir
1105 2867 1270 2964 prepositi
1288 2861 1538 2963 Luppoldr]‚

18 2991 19 3062 3
156 2968 238 3062 [que
266 2979 410 3063 quatuor
435 2967 608 3065 prebende
634 2979 796 3044 uocantes
831 2969 953 3043 cedern
990 2968 1032 3042 ad
1058 2965 1169 3045 dabira
1195 2967 1346 3040 ecclesie
1370 2965 1538 3043 soluenda

18 3071 19 3074 ’
155 3069 251 3142 saluo
279 3091 369 3142 anno
395 3069 523 3143 fabrice
549 3068 591 3143 ad
617 3069 703 3144 duos
730 3071 868 3168 annos}

253 3167 293 3240 0.
328 3169 371 3244 do
395 3169 669 3262 Luiorhero,
696 3169 733 3244 C.
771 3169 813 3244 do
840 3167 1059 3264 Thurns¹)
1085 3167 1255 3244 habebunt
1289 3171 1430 3264 primam
1466 3193 1538 3244 non

153 3281 330 3344 uocantem
357 3293 420 3367 pro
447 3271 484 3344 L.
512 3271 582 3344 srlio
610 3273 744 3346 comitis
770 3272 813 3344 de
838 3270 1091 3344 Weriheim.

255 3370 416 3444 Siboto
444 3371 486 3446 de
511 3373 596 3446 Bru
606 3395 717 3468 pero
742 3371 925 3458 secumdam
959 3395 1021 3467 pro
1046 3369 1086 3446 B.
1113 3369 1184 3442 filio
1210 3365 1368 3444 auunculi
1394 3372 1466 3460 sui3
1493 3369 1534 3444 Η.

154 3473 193 3544 ds
231 3471 487 3565 Wochmar‚
525 3483 560 3545 et
600 3475 765 3569 magister
797 3473 839 3548 H.
880 3475 1012 3545 cordiam
1050 3493 1112 3570 pro
1148 3471 1184 3543 L.
1226 3469 1296 3544 idio
1336 3467 1451 3544 [ratris
1489 3467 1553 3558 dcl

152 3572 394 3646 Wechmar.

251 3674 472 3746 Pordonarius
499 3683 534 3745 et
557 3676 752 3770 propositos
787 3675 896 3748 maior
928 3672 971 3746 do
996 3667 1255 3748 Bobcnhorc
1280 3675 1432 3766 quamam
1470 3687 1533 3764 pro

152 3775 190 3848 E.
217 3773 288 3848 filio
315 3774 430 3848 framis
457 3777 655 3870 portenarii.
1129 3816 1136 3828 -

252 3876 292 3948 Ο.
320 3874 362 3947 de
387 3871 596 3949 diasbach
623 3869 1531 3972 erKisilingusquinramprod.deBasrheim.

251 3978 418 4050 Dominus
456 3975 493 4048 G.
533 3973 576 4048 de
602 3974 835 4061 Thelhoinr
875 3985 910 4060 et
942 3975 987 4060 Α.
1028 3973 1070 4058 ds
1097 3971 1363 4070 Trondigon
1398 3980 1533 4050 sextam

153 4099 214 4194 pro
239 4075 488 4167 Woiiramo
515 4074 558 4162 de
582 4075 698 4160 Lina
