3774 4728
329 415 403 512 368
911 415 1130 512 bfoncmenle
1170 547 1175 556 Ι

326 635 495 710 interdum
520 636 615 733 ipsa,
641 643 677 707 ut
702 633 871 728 creditur,
905 659 976 712 non
1001 640 1078 712 sine
1103 635 1232 712 fraudis
1259 643 1442 726 cemento,
1481 631 1524 706 ad
1548 628 1714 706 fabricam

325 748 361 810 et
385 746 585 833 perpetuum
611 733 759 808 diuinum
785 737 911 810 cultum
938 761 1076 812 suarum
1103 739 1330 812 ecelesiarum
1352 737 1498 831 relinqui
1518 741 1713 830 procurant.

325 836 456 910 Verum
480 859 556 909 cum
582 858 645 932 per
671 835 736 908 bec
764 848 799 910 et
824 838 910 912 alias
934 838 977 911 ab
1003 841 1087 936 ipsis
1114 839 1292 932 religiosis
1309 839 1508 910 memoratis
1524 834 1715 932 preposito,

326 935 478 1028 decano,
515 934 764 1010 archidiaconis
803 948 838 1010 et
871 938 1019 1033 capitulo
1057 962 1098 1012 ac
1123 939 1265 1036 prefatis
1291 936 1483 1012 rectoribus
1510 933 1715 1030 multiplices

325 1040 497 1130 irrogatas
523 1041 663 1110 iniurias
690 1041 755 1132 ipsi
780 1039 1025 1112 mutilationem
1060 1043 1094 1112 in
1132 1042 1203 1114 suis
1240 1037 1416 1113 beneficiis
1451 1059 1523 1112 non
1548 1031 1716 1108 modicam

325 1140 504 1232 patiantur,
531 1137 594 1210 fuit
609 1135 708 1212 nobis
724 1160 769 1209 ex
780 1150 877 1233 parte
892 1143 1044 1235 ipsorum
1056 1139 1227 1212 humiliter
1243 1137 1480 1236 supplicatum,
1497 1146 1534 1210 ut
1546 1135 1715 1210 molesliIs

326 1247 361 1308 et
386 1239 517 1314 iniuriis
545 1239 724 1310 terminum
757 1237 976 1332 dignaremur
1009 1243 1190 1337 imponere
1225 1239 1439 1336 supradictis.
1489 1236 1564 1312 Nos
1589 1238 1716 1331 itaque,

326 1338 383 1431 qui
410 1348 552 1410 cunctos
581 1337 707 1412 Christi
731 1335 852 1412 fideles
880 1351 915 1412 et
939 1345 1122 1436 presertim
1147 1341 1318 1436 regularis
1346 1339 1474 1414 ordinis
1489 1335 1714 1435 professores

327 1459 371 1510 eo
399 1437 616 1532 prouidentie
642 1437 753 1511 studio
780 1438 966 1533 gubernari
992 1444 1165 1538 cupimus,
1198 1451 1235 1514 ut
1269 1445 1304 1515 in
1342 1445 1393 1514 eis
1429 1443 1586 1514 curiosus
1612 1439 1717 1510 etiam

326 1546 498 1612 scrutator
523 1537 628 1610 nichil
652 1541 804 1612 inueniat
827 1551 907 1614 nota
942 1539 1101 1636 dignum,
1139 1545 1292 1638 ipsorum
1328 1543 1575 1636 religiosorum
1612 1537 1716 1630 fame,

328 1637 632 1733 parrochianorum
658 1638 760 1711 saluti
785 1649 821 1712 et
845 1639 1075 1736 predictorum
1100 1645 1287 1740 prepositi,
1322 1641 1463 1732 decani,
1496 1637 1715 1712 archidiaco-

327 1759 451 1810 norum
478 1742 530 1831 [et
555 1739 708 1836 capituli]
728 1737 756 1834 ¹)
782 1763 824 1814 ac
849 1751 1022 1814 rectorum
1047 1743 1276 1840 predictarum
1302 1743 1548 1837 [ecclesiarum
1565 1793 1573 1812 .
1592 1794 1600 1811 .
1617 1793 1626 1812 .
1642 1739 1669 1834 .]
1687 1735 1716 1831 ¹)

329 1836 513 1933 prouidere
539 1839 698 1914 uolentes
724 1839 927 1915 fraternitati
962 1853 1020 1916 tue
1045 1867 1109 1939 per
1135 1843 1326 1941 apostolica
1353 1845 1480 1938 scripta
1504 1839 1717 1929 mandamus,

328 1941 485 2032 quatims
511 1939 664 2035 prefatos
689 1941 949 2036 parrochianos,
974 1965 1019 2016 ne
1046 1948 1249 2040 contemptis
1276 1944 1437 2040 predictis
1464 1941 1625 2016 ecclesiis
1650 1960 1715 2038 pro

328 2037 451 2112 diuinis
478 2039 654 2116 audiendis
690 2040 813 2117 officiis
848 2053 884 2114 et
908 2043 1115 2138 recipiendis
1143 2044 1352 2140 temporibus
1392 2045 1555 2137 congruis
1589 2039 1715 2114 eecle-

328 2141 478 2214 siasticis
506 2144 730 2215 sacramentis
757 2141 799 2215 ad
824 2143 955 2216 alienas
983 2143 1148 2218 accedant
1174 2144 1368 2236 ecelesias,
1392 2165 1531 2216 necnon
1557 2151 1593 2214 et
1617 2144 1715 2238 ipsos

326 2237 531 2333 religiosos,
557 2244 786 2338 cuiuscunque
799 2246 866 2316 sint
892 2242 1035 2334 ordinis,
1061 2267 1105 2317 ne
1131 2247 1166 2318 in
1182 2245 1326 2318 aliorum
1352 2242 1713 2340 preiudioiumparro-
1750 2316 1759 2332 ‚

328 2339 470 2416 chianos
496 2341 649 2438 prefatos
675 2342 718 2416 ad
742 2341 935 2418 huiusmodi
961 2342 1074 2416 ofleia
1101 2366 1164 2418 seu
1190 2354 1405 2420 sacramenta
1429 2345 1617 2440 recipiant,
1648 2363 1715 2416 nec

327 2439 570 2518 confessiones
597 2442 733 2518 audiant
755 2443 953 2519 eorumdem
979 2446 1046 2520 nisi
1071 2447 1177 2540 petita
1209 2449 1305 2542 prius
1339 2455 1375 2518 et
1405 2443 1543 2518 obtenta
1576 2442 1715 2516 lieentia

328 2542 558 2618 asacerdote
580 2549 721 2642 proprio
746 2547 841 2618 iuxta
867 2553 991 2620 statuta
1030 2545 1166 2618 concilii
1192 2545 1368 2640 generalis
1406 2567 1473 2618 nec
1511 2546 1614 2616 etiam
1645 2544 1714 2618 nisi

328 2641 416 2739 opud
442 2665 506 2718 eos
532 2667 579 2718 ex
605 2644 790 2720 deuotione
811 2635 918 2718 animi
943 2645 1115 2739 elegerint
1132 2646 1301 2738 tumulari,
1326 2648 1422 2743 ipsos
1444 2643 1486 2718 ad
1505 2643 1714 2741 sepulturam

328 2742 524 2836 admittant,
558 2749 605 2818 ita
630 2756 768 2837 tamen,
804 2745 894 2842 quod
927 2755 1009 2818 tunc
1033 2745 1154 2818 eadem
1180 2747 1332 2821 ecclesie
1357 2748 1517 2842 portione
1549 2747 1717 2816 canonica

331 2865 402 2917 non
426 2843 645 2936 fraudentur,
682 2849 884 2922 auctoritate
909 2857 1028 2920 nostra
1066 2870 1130 2944 per
1162 2856 1196 2919 te
1228 2847 1286 2920 uel
1319 2869 1382 2944 per
1415 2846 1517 2919 alium
1552 2847 1714 2920 attentius

330 2963 475 3020 moneas
502 2955 537 3018 et
561 2946 702 3022 inducas
727 2949 824 3042 ipsos
850 2946 893 3019 ed
918 2947 964 3038 id,
990 2957 1026 3019 et
1051 2958 1087 3020 ut
1112 2946 1276 3021 decetero
1302 2945 1344 3018 ab
1357 2945 1549 3024 huiusmodi
1571 2943 1714 3043 predic-

331 3053 442 3116 torum
468 3048 654 3142 prepositi,
690 3047 831 3140 decani,
864 3047 1179 3122 archidiaconorum
1218 3057 1253 3122 et
1290 3047 1427 3144 capituli
1453 3071 1495 3122 ac
1520 3045 1718 3120 oammdem

332 3143 569 3220 ecelesiarum
591 3157 763 3221 rectorum
797 3147 966 3224 molestiis
1006 3159 1042 3220 et
1077 3150 1209 3224 iniuriis
1250 3152 1389 3224 omnino
1423 3147 1616 3223 abstineant
1651 3165 1717 3242 per

331 3265 512 3320 censuram
538 3248 810 3324 ecelesiasticam
836 3249 1065 3348 appellatione
1090 3259 1224 3323 remota
1249 3253 1368 3346 preuia
1393 3251 1528 3322 ratione
1554 3243 1716 3342 compel-

332 3344 420 3420 lans.
470 3345 548 3420 Non
575 3348 732 3424 obstante
757 3349 869 3445 aliqua
894 3349 1104 3444 indulgentia
1129 3350 1305 3444 relrgrosrs
1331 3371 1438 3446 rpsrs,
1462 3347 1520 3422 uel
1547 3347 1625 3422 aliis
1652 3343 1716 3422 sub

330 3466 530 3541 quacunque
555 3448 738 3522 uerborum
764 3449 875 3524 forma
900 3450 942 3523 ab
968 3452 1161 3548 apostoliea
1185 3449 1270 3526 sede
1296 3471 1487 3540 concessa,
1526 3469 1589 3544 per
1615 3469 1716 3542 quam

329 3565 401 3618 non
427 3567 629 3642 expressam
655 3548 871 3646 presentibus
897 3550 940 3623 de
972 3549 1080 3624 uerbo
1113 3549 1156 3622 ad
1187 3547 1328 3622 uerbum
1363 3551 1532 3647 premissa
1558 3545 1714 3644 impediri

331 3645 469 3720 ualeant
493 3647 551 3720 uel
576 3647 695 3723 differi.
747 3651 870 3723 Datum
895 3652 1023 3743 Asisii‚
1049 3647 1106 3722 VI.
1134 3647 1209 3726 idus
1235 3649 1338 3744 lllaii,
1363 3647 1577 3747 pontificatus
1603 3649 1715 3724 nostri

331 3765 420 3820 anno
446 3745 640 3825 undecimo.

540 3947 701 4034 Appendet
721 3949 802 4018 bulla
824 3951 986 4016 Innocentli
1007 3969 1103 4034 papae
1125 3946 1170 4015 ll'.

545 4059 574 4154 ¹)
596 4063 768 4132 Membrana
788 4067 834 4130 bis
854 4065 930 4130 locis
951 4063 1101 4148 perforata
1125 4068 1180 4128 est.
