3768 4728
913 415 1133 504 llonumenta

958 733 1082 808 colli.

684 933 773 1000 Auno
798 931 901 1015 1237,
923 932 954 1000 8.
976 935 1054 1015 llaii,
1076 932 1155 1017 apud
1176 931 1361 1000 Babenberc.

335 1121 523 1218 Capitulum
558 1119 731 1194 ecclesiae
761 1117 1054 1215 babenbergensis
1089 1119 1283 1210 abbatibus,
1316 1120 1521 1215 prepositis,
1555 1115 1710 1206 decanis,

332 1221 504 1318 prioribus
530 1221 673 1314 aliisque
687 1219 879 1294 rectoribus
893 1222 1118 1294 ecclesiarum
1136 1243 1197 1316 per
1212 1221 1376 1293 diocesim
1391 1217 1710 1311 babenbergensem

334 1324 527 1395 constitutis
553 1319 698 1409 mandat,
723 1329 759 1390 ut
784 1324 947 1409 nuntios,
980 1325 1036 1415 qui
1072 1320 1114 1392 ad
1153 1323 1444 1394 canonizationem
1478 1317 1511 1390 b.
1537 1318 1709 1390 Brunonis

334 1433 369 1494 et
395 1422 437 1494 ad
460 1419 612 1494 aedilicia
639 1419 811 1492 ecclesiae
843 1419 1093 1516 herbipolensis
1132 1419 1320 1516 reparanda
1352 1417 1529 1509 laborant,
1561 1417 1713 1510 benigne

938 1523 1112 1616 recipiant.

434 1691 472 1764 P.
506 1693 721 1785 prepositus,
754 1687 810 1776 K„
830 1689 977 1762 decanus
1012 1701 1185 1784 totumque
1226 1685 1520 1782 babenbergensis
1561 1684 1715 1758 ecclesie

337 1790 517 1885 capitulum
544 1787 677 1864 dilectis
703 1791 737 1860 in
764 1789 900 1862 Gluisto
927 1789 1116 1880 abbatibus,
1141 1791 1337 1884 prepositis,
1363 1787 1514 1876 decanis,
1540 1783 1714 1882 prioribus

336 1891 479 1984 aliisque
503 1886 695 1962 rectoribus
722 1889 946 1964 ecclesiarum
978 1913 1041 1984 per
1064 1887 1383 1982 babenbergensem
1418 1887 1596 1984 dyocesim
1620 1905 1715 1956 cou-

336 1993 460 2064 stitutis
487 1989 632 2062 salutem
658 1995 693 2060 et
718 1991 885 2062 siruceram
903 1993 937 2062 in
963 1989 1100 2062 domino
1126 1987 1315 2060 karitatem.
1349 1987 1571 2061 Vniuersitati
1594 1994 1717 2057 uestre

335 2091 544 2187 presentium
570 2098 692 2159 tenore
718 2087 943 2180 declaramus,
969 2087 1059 2184 quod
1083 2111 1148 2164 nos
1162 2091 1347 2186 petitiones
1360 2085 1570 2162 venerabilis
1587 2083 1718 2158 domini

336 2193 447 2262 nostri
472 2187 724 2283 herbipolensis
752 2192 905 2285 episcopi
938 2194 1108 2286 totiusque
1142 2187 1278 2284 capituli
1314 2189 1506 2284 recepimus
1543 2183 1719 2258 humiliter

338 2289 607 2385 supplicantium,
633 2298 670 2360 ut
693 2311 758 2362 nos
784 2294 922 2363 nuntios
947 2293 1054 2386 ipsius
1082 2287 1246 2379 ecclesie,
1272 2291 1328 2384 qui
1353 2287 1395 2360 ad
1421 2288 1719 2359 canonizationem

337 2389 430 2462 beati
454 2389 681 2464 Brvnonis
708 2399 743 2462 et
768 2387 810 2460 ad
835 2388 966 2462 edificia
993 2389 1143 2464 ecclesie
1165 2387 1356 2484 reparanda
1376 2385 1522 2460 lideliter
1546 2385 1719 2476 laborant,

337 2489 489 2583 benigne
525 2491 560 2560 in
585 2497 705 2562 nostre
730 2487 874 2585 dyocesi
911 2493 1157 2585 reciperemus,
1192 2511 1276 2582 quas
1312 2485 1520 2562 venerabilis
1559 2485 1718 2560 dominus

338 2589 617 2684 archiepiscopus
643 2593 864 2681 moguntinus
891 2611 965 2662 cum
992 2591 1068 2662 aliis
1085 2589 1309 2681 sullraganeis
1326 2591 1397 2662 suis
1424 2587 1482 2682 pie'
1495 2585 1720 2660 considerare

340 2687 496 2782 dignatus
523 2697 589 2778 est,
614 2697 694 2759 uota
719 2687 866 2760 bdelium
893 2689 934 2760 ad
960 2688 1027 2762 boc
1051 2693 1122 2764 suis
1148 2691 1284 2760 monitis
1319 2698 1354 2760 et
1377 2687 1596 2782 indulgentiis
1622 2689 1719 2758 inui-

340 2787 454 2864 tando.
505 2787 656 2880 ldeoque
690 2791 944 2862 uniuersitatem
977 2799 1146 2875 uestram,
1179 2787 1279 2861 nobis
1313 2791 1347 2860 iu
1374 2787 1509 2860 Christo
1547 2787 1720 2876 dilectem,

340 2907 519 2960 monemus
546 2896 581 2956 et
606 2908 768 2980 rogamus
796 2897 830 2960 et
855 2889 1027 2960 hortamur
1053 2892 1087 2960 in
1113 2887 1247 2959 domino
1275 2887 1383 2960 Jbesv
1409 2887 1543 2960 Christo
1567 2909 1720 2984 presen-

341 2990 422 3058 tium
455 2983 554 3057 uobis
598 2989 798 3058 auctoritate
833 2987 894 3062 sub
937 2991 1172 3082 suspensionis
1206 3010 1294 3083 pena
1328 2987 1479 3061 districte
1510 2987 1723 3076 mundantes,

342 3095 507 3180 quatenus
532 3088 669 3158 nuntios
695 3089 791 3181 ipsos
818 3088 970 3183 predicte
986 3088 1135 3161 ecclesie
1151 3091 1339 3164 seruitores
1353 3112 1456 3184 super
1472 3092 1556 3184 ipsis
1568 3091 1721 3184 negotiis

340 3183 444 3258 nullis
472 3184 547 3256 aliis
573 3184 809 3280 inpedimentis
838 3186 1048 3260 obstantibus
1083 3187 1125 3260 ad
1150 3211 1215 3260 nos
1241 3191 1421 3263 uenientes
1447 3187 1596 3284 benigne
1621 3193 1721 3264 reci-

342 3285 441 3381 piatis
470 3295 505 3357 et
529 3283 709 3379 benignius
722 3291 937 3382 pertractetis
953 3297 987 3358 et
1002 3291 1036 3360 iu
1050 3289 1203 3360 omnibus
1219 3289 1422 3386 expediatis,
1437 3287 1577 3363 subditis
1593 3293 1721 3364 uestris

343 3387 559 3478 iniungentes
587 3389 787 3458 auctoritate
813 3397 950 3476 nostra,
982 3399 1018 3460 ut
1044 3388 1085 3460 ad
1112 3391 1299 3480 stationae,
1334 3411 1416 3484 quas
1443 3392 1548 3483 nuntij
1576 3393 1643 3486 ipsi
1669 3393 1721 3464 eis

342 3483 538 3575 indixerint,
565 3485 734 3558 humiliter
758 3489 908 3576 ueniant,
935 3488 1077 3560 audituri
1105 3488 1159 3560 dei
1184 3489 1327 3561 verbum
1352 3499 1387 3561 et
1413 3488 1564 3562 ecclesie
1581 3513 1721 3564 memo-

343 3594 418 3656 rate
444 3587 684 3674 necessitates,
711 3585 752 3658 ab
780 3591 863 3682 ipsis
890 3592 989 3660 etiam
1018 3589 1203 3662 destinatas
1231 3593 1281 3662 eis
1297 3589 1525 3684 indulgentias
1538 3593 1721 3686 recepturi.

343 3686 466 3756 Datum
492 3685 579 3780 apud
605 3685 804 3760 babenbere
830 3685 916 3758 Vlll.
944 3689 1018 3764 idus
1044 3689 1134 3760 Maii.
1186 3741 1190 3750 .

555 3885 691 3966 Sigillum
714 3887 833 3967 capituli
856 3885 1112 3970 babenbergensis
1136 3889 1285 3952 ecclesiae
1308 3889 1463 3970 appendet.
