3768 4728
601 469 820 583 episcopatus
849 481 1143 581 wimlbnrgensis.

768 808 977 890 oeumm.
1116 907 1118 911 y

602 991 709 1078 'Anno
733 1009 844 1094 1243„
865 1017 895 1076 in
919 997 1026 1078 mense
1047 1011 1124 1080 nan.

183 1193 395 1275 llermannus
422 1197 675 1296 herbipolensis
702 1203 897 1298 episeopus,
925 1201 1074 1297 aooeptis
1102 1197 1296 1272 aCunrado
1314 1197 1566 1298 Sweigerario,

183 1299 329 1376 sculteto
357 1304 471 1374 euriae
498 1299 731 1397 episcopalis,
766 1296 819 1374 CL
846 1304 970 1372 mareis
997 1303 1132 1394 argenti
1160 1317 1304 1396 omnes,
1342 1303 1398 1396 qui
1423 1303 1458 1376 ln
1485 1301 1562 1378 loru

183 1400 328 1475 civitatis
354 1399 605 1500 herbipolensis
631 1419 689 1476 res
716 1400 861 1475 venales
881 1396 1017 1474 delerre
1044 1409 1121 1475 snut
1138 1405 1304 1492 consueti,
1333 1399 1563 1478 aiorensibus

183 1499 343 1596 denariis,
370 1494 681 1599 marcbphenninge
708 1500 826 1594 dietis,
862 1511 896 1572 et
921 1499 963 1573 ad
989 1499 1185 1574 theloneum
1210 1515 1369 1598 magnum
1396 1507 1564 1602 spectan-

203 1613 212 1626 ‘
652 1601 752 1694 tibus,
777 1601 887 1676 reddit
914 1599 1103 1677 absolutos.
1564 1618 1568 1627 '

280 1774 566 1848 llermanrns
593 1771 647 1846 dei
674 1777 785 1868 gratia
811 1773 1065 1870 herbipolensis
1091 1770 1287 1870 episeopus.
1338 1773 1393 1846 Ex
1423 1776 1563 1848 iniunetl

181 1873 283 1952 nabis
316 1870 421 1948 oilrii
459 1873 622 1968 (lignitate
658 1877 876 1970 astringimur
912 1885 1110 1948 nostrorum
1150 1873 1380 1948 subiectorum
1413 1873 1562 1948 bdelium

182 1973 478 2049 eemmoditatlltns
501 1973 696 2072 prouidere,
723 1986 758 2047 et
782 1977 847 2072 piis
874 1997 994 2048 eornm
1020 1975 1138 2068 laetis,
1173 1978 1205 2047 in
1239 1974 1365 2070 quibus
1398 1975 1562 2050 honestas

182 2080 368 2168 eommunis
395 2085 430 2148 et
456 2070 670 2148 mmmodnm
697 2075 898 2172 adaugens,
922 2076 1052 2150 lauorls
1078 2078 1187 2148 nostri
1214 2079 1358 2168 gratiam
1384 2087 1421 2148 et
1444 2093 1561 2174 exop-

181 2185 282 2249 aas
319 2175 586 2248 beniuolentiam
620 2179 796 2272 impertiri.
857 2176 1089 2250 insinuatione
1126 2179 1230 2270 igitur
1271 2179 1479 2271 presentium
1521 2175 1564 2249 etl

182 2280 341 2350 retiolam
378 2279 636 2352 transmittimus
674 2278 883 2366 futurorum,
917 2275 1007 2371 quod
1044 2270 1270 2350 Claranus
1313 2277 1413 2349 miles
1449 2276 1562 2349 dietas

183 2377 538 2472 Sareigernrius⁹
564 2379 732 2452 scultetus
757 2380 851 2448 enrie
867 2388 999 2468 nostre,
1024 2376 1341 2448 ianoremomnium
1357 2375 1562 2449 olorinorum

184 2488 217 2550 et
241 2481 364 2550 muium
392 2477 456 2552 sibl
482 2487 517 2550 et
542 2474 724 2552 heredibus
757 2481 831 2552 sais
864 2481 1070 2572 nonquirere
1096 2479 1256 2572 sapiens,
1293 2475 1337 2546 ab
1375 2475 1567 2547 remedium

183 2581 293 2650 anime
319 2601 393 2669 sue,
419 2577 521 2650 etad
547 2599 759 2651 communem
796 2577 974 2650 utilitatem
1006 2599 1048 2648 ae
1074 2574 1308 2666 commodum,
1343 2585 1412 2647 tam
1451 2575 1563 2651 olari·

184 2700 299 2751 eorum
324 2701 422 2776 qnam
448 2677 637 2770 laieorum‚
663 2700 847 2776 pauperum
884 2688 919 2750 et
952 2676 1113 2768 diuitum,
1147 2699 1188 2748 ao
1224 2675 1367 2748 aliorum
1401 2679 1563 2768 omnium,

189 2782 243 2873 qui
268 2781 302 2851 in
328 2779 406 2852 foro
422 2781 566 2852 ciuitatis
583 2789 703 2856 nostre
715 2801 774 2852 res
793 2779 935 2852 uenales
951 2773 1088 2850 aereae
1106 2788 1183 2852 sunt
1207 2776 1376 2867 consueti,
1401 2775 1562 2850 forenses

185 2877 355 2970 denarios,
381 2883 438 2974 qui
464 2879 877 2977 marohphenninge
904 2877 1070 2968 dicuntur,
1097 2887 1293 2973 spectantes
1308 2875 1350 2948 ad
1365 2875 1562 2950 theloneum

183 2990 335 3053 nostrum
360 3001 533 3074 magnum,
559 2979 601 3053 de
627 2991 748 3055 nostro
775 2989 810 3052 et
836 2977 974 3074 capituli
998 2981 1108 3052 nostri
1135 2976 1256 3050 fauore
1284 2987 1319 3050 et
1344 2979 1562 3050 eonniuentia

185 3083 413 3172 commutauit,
439 3079 549 3152 dando
575 3080 674 3155 nobie
701 3089 837 3157 eentum
862 3089 899 3150 et
921 3081 1163 3174 qulnquaginta
1188 3099 1321 3152 mareas
1358 3081 1492 3173 argenti
1528 3081 1562 3150 in

185 3191 386 3272 restauruns,
413 3203 496 3274 quas
523 3180 565 3253 de
591 3182 729 3278 capituli
753 3182 863 3254 nostri
890 3179 1037 3254 oonsilio
1063 3181 1316 3274 aeeeptanimus
1341 3199 1403 3274 pro
1431 3175 1562 3252 eisdem

184 3280 330 3353 denariis
356 3291 455 3374 atque
482 3303 615 3373 omnes,
641 3283 698 3376 qni
720 3280 834 3354 ulietos
861 3278 1025 3354 denarios
1048 3278 1190 3354 soluere
1214 3288 1385 3369 tenentur,
1410 3276 1453 3350 de
1478 3279 1562 3372 ipsis

185 3380 330 3454 denariis
355 3380 525 3456 reddimus
552 3385 586 3454 in
611 3392 788 3478 posterum
814 3378 1002 3454 absolutos.
1055 3378 1099 3452 Et
1130 3388 1167 3448 ut
1192 3377 1387 3449 theloneum
1426 3376 1562 3467 dietum,

185 3484 245 3554 cui.
260 3480 365 3572 ruem
388 3481 551 3556 forenses
577 3483 707 3556 denarii
733 3477 921 3570 cadebant,
960 3490 1015 3551 snt
1049 3487 1169 3551 urenae
1200 3487 1319 3552 nostra
1345 3477 1564 3573 'apiseepalis

185 3579 350 3654 delectum
376 3583 410 3652 in
437 3580 500 3654 hae
525 3593 622 3677 par-te
647 3586 718 3680 pati
741 3581 855 3676 aliquo
880 3601 1035 3674 uunquam
1062 3588 1219 3674 tempore
1242 3576 1431 3666 edantur,
1451 3576 1562 3650 «letam

182 3681 281 3754 nobis
307 3686 484 3776 pecuniam
511 3694 754 3756 conuertemns
776 3685 812 3754 in
837 3691 1044 3771 testamen,
1067 3682 1113 3752 ita
1139 3677 1228 3773 quod
1243 3682 1355 3774 ipsum
1364 3677 1562 3754 theloneum

185 3791 218 3852 et
243 3781 451 3877 episenpalis
488 3805 609 3856 mensa
633 3793 757 3856 nostra
785 3791 1101 3874 naneessenampne
1140 3788 1343 3876 nostrornm
1372 3775 1561 3876 indempnis

183 3893 346 3977 perpetuo
382 3881 579 3956 remanebit.
642 3884 686 3956 Et
724 3893 759 3954 ut
797 3903 900 3976 super
936 3877 1127 3952 huiusmodi
1167 3881 1223 3974 pie
1262 3880 1459 3951 intentionis
1499 3898 1562 3952 sue

183 3982 273 4053 leem
313 3993 350 4054 et
388 3994 510 4056 nostre
544 3983 806 4056 nenntttiatinnls
844 3993 1024 4078 processu·
1050 3981 1219 4072 mertrotltt
1255 3981 1299 4051 stt
1339 3987 1378 4050 et
1411 3980 1559 4051 sueces-

184 4095 298 4158 sures
322 4095 469 4159 nostros
490 4083 534 4157 at
557 4082 648 4158 tuear
675 4081 924 4160 obseruatum
960 4079 1089 4154 firmius
1130 4081 1378 4172 &moganum
1412 4086 1565 4174 presens
