3774 4728
303 371 371 444 192
879 373 1099 448 neumenia

299 569 414 642 Laici:
448 568 623 644 iohannes
649 571 843 666 predictus,
883 573 1163 662 Sinuemmmus,
1198 572 1336 646 Vlrieus
1372 581 1466 644 retro
1497 579 1681 661 monetam,

298 669 463 742 Albertus
489 669 671 760 Fucheier‚
696 672 890 749 Friderious
916 674 1086 746 Levvere.

297 833 299 840 ,
398 769 488 842 Acta
515 779 592 842 sunt
618 769 683 842 hee
709 794 797 846 anno
832 773 873 846 nb
907 776 1141 863 incarnatione
1180 772 1306 844 domini
1339 769 1398 844 M0·
1425 769 1525 842 00¹¹¹⁰
1546 769 1680 862 xmoltt,

298 863 445 941 Ottb'one
472 872 644 943 existente
669 875 847 969 episeopo,
872 874 1003 946 Perseo
1031 872 1174 962 decano,
1199 873 1366 969 Boppone
1393 871 1435 951 de
1451 869 1682 945 Henuenberk
1773 927 1777 935 .

296 969 391 1042 vrtis
418 970 564 1065 preieto.

507 1169 643 1252 Sigillum
666 1171 785 1253 capituti
806 1176 927 1234 meionis
951 1172 1101 1234 ecelesiae
1123 1171 1271 1252 appendet
1294 1190 1333 1234 ex
1350 1173 1480 1236 funiculo
1503 1171 1679 1254 cannabino,

505 1255 563 1318 eibi
587 1263 617 1318 et
639 1257 769 1318 caerulei
793 1257 911 1320 coloris.

880 1707 1089 1782 cLXXXVI.

882 1902 972 1966 Anno
997 1900 1088 1968 1213.

293 2101 372 2175 Otto
405 2083 656 2204 herbipolensis
684 2108 866 2202 episeopus
902 2101 1092 2176 hominibus
1135 2103 1177 2176 de
1214 2105 1376 2202 Rimpure
1418 2107 1673 2182 conserentibus

290 2208 523 2299 proprietates
547 2231 626 2281 suus
652 2205 753 2278 beato
780 2203 914 2275 Kiliano
941 2203 1241 2300 propensioribus
1265 2211 1396 2297 annuis,
1420 2208 1528 2301 vulgo
1556 2207 1670 2281 obelci

367 2305 490 2398 dietis,
516 2318 701 2404 perpetuae
727 2304 938 2378 defensionis
965 2304 1149 2377 subsidium
1176 2317 1210 2376 et
1237 2309 1400 2398 juvamen
1412 2311 1598 2404 promittit.

392 2461 430 2534 Ο.
481 2461 507 2533 l.
534 2487 567 2534 n.
595 2486 623 2536 s.
650 2485 681 2534 e.
708 2466 730 2533 i.
757 2472 780 2533 t.
833 2460 934 2534 Otto
961 2459 1015 2532 dei
1031 2463 1140 2552 gretia
1153 2459 1406 2556 herbipolensis
1421 2466 1614 2559 episeopus.
1637 2521 1670 2537 ..

290 2559 363 2636 Nos
381 2619 388 2634 .
406 2616 435 2634 ..
454 2561 576 2636 debitis
604 2561 645 2634 ed
659 2584 724 2636 nos
741 2561 1007 2655 confugientium
1024 2560 1212 2634 commodis
1228 2563 1283 2655 pie
1309 2571 1343 2632 et
1360 2561 1530 2634 humiliter
1555 2567 1673 2637 inten-

290 2659 423 2751 dentes,
450 2672 567 2734 notum
593 2662 735 2734 iacimus
753 2665 944 2733 uniuersis
962 2714 985 2750 .,
1012 2661 1101 2754 quod
1122 2659 1325 2732 accedentes
1353 2661 1558 2735 adnostrum
1585 2687 1673 2758 pre-

290 2766 434 2834 sentium
460 2762 616 2834 homines
643 2761 685 2834 de
712 2761 932 2855 Rimpure‚
957 2781 1098 2854 quorum
1125 2763 1262 2832 nomine
1289 2760 1467 2834 subnotata
1494 2775 1583 2854 sunt,
1611 2787 1673 2860 spe

275 2860 499 2934 defensionis
527 2871 561 2932 et
587 2861 729 2934 subsidii
756 2883 876 2934 omnes
904 2883 986 2933 suus
1014 2863 1254 2955 proprietates,
1282 2883 1364 2955 quas
1392 2865 1426 2934 in
1451 2863 1535 2934 ville
1551 2863 1670 2936 eodem

288 2958 486 3050 habuerunt,
515 2965 642 3034 sanctis
669 2959 862 3033 martiribus
889 2959 1135 3031 beeteKilieno
1162 2970 1196 3030 et
1223 2964 1328 3034 sociis
1345 2965 1431 3050 eius,
1457 2961 1557 3034 nobis
1579 2987 1671 3058 quo-

289 3083 355 3154 que
391 3071 426 3134 et
452 3062 713 3134 successoribus
739 3064 867 3135 nostris
893 3063 1048 3156 proprias
1075 3059 1311 3149 contulerunt,
1345 3061 1484 3134 easdem
1519 3085 1538 3133 a
1572 3087 1672 3136 manu

287 3173 407 3236 nostre
427 3172 642 3236 resumentes
668 3185 730 3258 pro
743 3159 964 3258 pensionibus
981 3163 1113 3250 annuis,
1139 3181 1204 3253 que
1216 3159 1323 3254 vulgo
1337 3160 1491 3233 obelei
1504 3161 1671 3255 dicuntur,

288 3266 376 3335 sicut
402 3261 628 3358 subscriptum
654 3271 729 3354 est,
753 3260 853 3334 nobis
877 3271 910 3332 et
936 3259 1198 3333 suecessoribus
1236 3265 1364 3334 nostris
1391 3273 1557 3357 perpetuo
1583 3287 1671 3359 per-

287 3359 476 3452 soluendis,
502 3365 548 3434 ite
573 3373 611 3434 vt
637 3361 762 3457 singuli
790 3383 865 3432 eum
892 3362 963 3434 suis
989 3359 1155 3432 uxoribus
1192 3370 1227 3431 et
1260 3359 1441 3434 heredibus
1468 3363 1669 3457 postfuturis

287 3461 329 3533 de
356 3461 501 3558 singulis
527 3460 790 3558 proprietatibus
824 3463 1010 3556 pensiones
1046 3469 1226 3532 teneantur
1260 3459 1411 3555 pendere
1449 3461 1667 3536 subnotatas:

285 3561 457 3636 Heroldus
486 3559 671 3658 Sluntpueh
698 3571 733 3633 et
758 3583 849 3635 vxor
876 3583 936 3634 suo
965 3560 1145 3633 Gertrvdis
1171 3561 1273 3631 tritici
1299 3563 1362 3632 trio
1384 3561 1526 3653 maldra,
1551 3563 1666 3638 Berno

285 3672 321 3733 et
346 3660 522 3736 Liukerdis
550 3661 616 3736 duo
641 3662 775 3755 maltro,
800 3659 1016 3734 Burcherdus
1043 3659 1207 3752 Schotu,
1243 3662 1298 3754 qui
1325 3663 1413 3734 sieut
1438 3673 1472 3734 et
1495 3663 1667 3757 predictus

284 3761 457 3838 Heroldus
484 3759 671 3859 Sluntpueh
707 3773 829 3837 noster
856 3771 889 3834 et
916 3759 1067 3834 ecclesie
1093 3771 1213 3836 nostre
1238 3762 1470 3836 ministerialis
1497 3774 1563 3853 est,
1590 3787 1668 3836 cum

283 3883 398 3938 uxore
426 3885 489 3938 suu
514 3862 602 3939 Geta
634 3863 700 3937 duo
739 3863 882 3954 multra,
919 3859 1128 3934 Lendericus
1163 3871 1198 3932 et
1222 3857 1415 3934 Mechtildis
1441 3863 1595 3934 maldrum
1632 3875 1667 3938 et

284 3963 463 4040 dimidium.
516 3965 681 4040 Albertus
708 3961 903 4038 Crusenere
930 3971 965 4033 et
979 3959 1156 4034 Mechthilt
1171 3959 1339 4034 dimidium
1354 3962 1521 4056 multtum,
1547 3963 1666 4060 Poppo
