3836 4722
611 453 828 545 episcopatus
854 447 1148 543 assurgente.
1524 453 1572 530 51

184 647 355 738 lliclreitlu,
379 649 514 740 llerolt,
539 647 740 720 lllltelrurclr
765 647 808 720 ad
831 648 940 720 altare
965 653 1117 745 preciosi
1138 655 1298 747 martpns
1316 651 1414 726 ltuins
1429 655 1573 728 rationis

185 749 382 822 conditione
409 747 624 837 contradidit,
650 751 807 842 quatinus
833 751 889 842 qai
915 751 1005 820 inter
1019 771 1085 823 eos
1097 755 1328 846 prouectioris
1344 754 1443 824 etatis
1458 751 1574 843 luerit,

184 851 236 918 nir
263 851 340 920 siue
368 848 508 936 mulier,
546 851 715 920 annuatim
741 851 778 920 in
803 847 895 920 lesto
921 848 1064 943 predicti
1090 853 1236 922 martiris
1264 849 1305 921 ad
1331 849 1479 926 officina
1505 873 1574 924 cu·

28 1011 29 1014 ,
184 947 297 1020 stodie
323 959 395 1020 tres
424 947 583 1020 denarios
610 947 667 1018 uel
692 951 844 1044 precium
872 966 991 1019 eorum
1018 951 1051 1020 in
1078 971 1177 1038 cero,
1213 949 1311 1021 thure
1344 947 1401 1020 uel
1433 950 1504 1022 lino
1532 951 1574 1023 ad

28 1077 30 1144 q
184 1051 259 1120 eius
286 1047 452 1143 reliquias
478 1051 541 1142 pro
568 1067 674 1120 censu
702 1045 823 1118 olierat
849 1055 884 1118 et
910 1045 952 1118 de
978 1057 1099 1120 cetero
1126 1045 1224 1120 liberi
1244 1051 1395 1124 existent
1419 1048 1462 1120 ab
1482 1053 1574 1122 omui

183 1151 344 1218 mactitia
381 1153 547 1220 seruitute
572 1145 766 1240 nulliusque
793 1146 1030 1218 defensionem
1057 1146 1115 1218 uel
1143 1145 1410 1220 mundiburdium
1437 1148 1573 1220 aliunde

184 1249 360 1341 requirant
385 1251 453 1320 nisi
479 1269 499 1319 a
525 1246 681 1341 legitimo
709 1249 817 1342 ipsius
846 1243 963 1316 altaris
991 1244 1168 1317 aduocato.
1222 1247 1306 1319 Post
1332 1245 1458 1319 obitum
1487 1270 1574 1320 uero

187 1351 264 1418 eius
293 1350 350 1440 qui
375 1350 465 1418 inter
489 1367 552 1419 eos
577 1347 807 1441 prouectioris
835 1353 889 1416 cst
916 1347 1036 1434 etatis,
1062 1345 1120 1418 uel
1145 1347 1211 1416 uiri
1237 1345 1295 1419 uel
1319 1345 1447 1418 lemine
1473 1351 1575 1442 quic·

183 1445 265 1540 quid
302 1449 337 1518 in
369 1445 523 1520 uestibus
556 1447 749 1541 preciosius
782 1444 960 1537 reliquerit
993 1443 1231 1516 inutilitatem
1259 1447 1414 1518 custodio
1440 1443 1575 1518 debebit

183 1543 369 1617 uendieari.
421 1543 494 1620 Nos
520 1548 655 1639 inquam
681 1565 743 1639 pro
770 1542 885 1617 debito
912 1546 1070 1637 equitatis
1097 1546 1188 1616 iusto
1214 1548 1371 1640 petitioni
1401 1545 1574 1618 iamdicti

184 1643 385 1738 Gerungi
410 1644 599 1718 clementer
613 1653 814 1732 annuentes,
842 1641 1056 1714 traditionem
1084 1647 1191 1738 ipsius
1219 1648 1253 1716 in
1269 1646 1426 1738 generali
1445 1644 1572 1740 placito

184 1753 306 1816 nostro
321 1765 368 1816 ex
394 1765 567 1818 consensu
581 1741 755 1836 burgraull
768 1742 924 1814 aduocati
953 1741 1248 1816 Goteboldiet
1263 1747 1490 1816 exsertantia
1504 1741 1573 1816 lte·

184 1841 419 1916 uaticiatorurn
445 1855 480 1916 et
505 1843 775 1918 ministerialium
794 1849 991 1914 nosuoruur
1013 1843 1059 1913 ita
1076 1841 1364 1934 confirmauiurus,
1390 1855 1427 1916 ut
1449 1843 1573 1939 prelati

185 1941 342 2016 homines
370 1954 405 2015 ct
429 1947 540 2016 omnis
567 1965 687 2015 eorum
713 1943 899 2037 posteritas
925 1941 1035 2014 libera
1070 1941 1111 2014 ab
1146 1947 1239 2015 omni
1266 1945 1405 2017 seruilis
1432 1947 1574 2037 angaris

185 2046 371 2116 amouens
395 2054 596 2139 parmaneat
620 2063 686 2116 nec
711 2065 867 2137 umquam
894 2063 959 2115 eos
984 2041 1170 2116 aduocatos
1196 2043 1255 2118 uel
1281 2044 1403 2140 aliquis
1423 2041 1574 2119 utone-

185 2141 302 2216 in'are
328 2154 512 2240 prasumat.
542 2143 602 2215 Sic
626 2145 730 2236 igituir
756 2141 912 2235 generali
940 2145 1050 2216 nostri
1077 2141 1249 2238 priuilegii
1275 2147 1434 2218 mutuae
1459 2145 1575 2217 noni·

188 2247 299 2316 smus
327 2251 482 2314 aeterno
507 2242 771 2338 simplicitatem,
797 2263 862 2337 que
889 2263 964 2314 cunr
990 2264 1074 2336 pura
1099 2245 1245 2316 ueritate
1270 2241 1506 2336 gradiebatur,
1531 2265 1577 2316 ne

187 2345 220 2414 in
249 2352 429 2438 posterum
456 2342 622 2416 aduersus
650 2340 805 2416 cinam
830 2339 1037 2416 conditionis
1064 2340 1222 2416 tamnes
1248 2351 1315 2416 tara
1332 2344 1576 2436 futurosquam
1667 2399 1672 2406 .

186 2451 399 2537 presentes,
438 2445 594 2537 mqutcia
621 2463 684 2515 seu
710 2441 878 2516 dolositas
905 2443 1073 2514 iuniorum
1099 2444 1132 2512 in
1160 2441 1272 2536 aliquo
1301 2465 1382 2516 casu
1407 2441 1578 2529 moliatur,

186 2552 223 2614 at
251 2552 290 2612 ut
318 2541 384 2614 hec
409 2551 483 2614 rata
508 2552 545 2614 et
569 2541 771 2615 inconuulsa
797 2551 1038 2636 permaneant,
1070 2539 1159 2614 hanc
1185 2551 1312 2614 curtare
1337 2540 1444 2636 sigilli
1467 2543 1579 2614 nostri

187 2644 413 2739 inpressione
438 2640 584 2715 facimus
612 2644 813 2734 consigniri.
856 2639 1111 2736 Siquis-autern
1135 2639 1203 2716 ltuc
1229 2644 1389 2740 scriptun
1415 2643 1451 2715 iu
1474 2649 1578 2735 post-

186 2763 286 2816 erum
313 2741 430 2836 aliquo
457 2741 536 2814 nell
562 2744 693 2835 ingenii
718 2740 902 2831 dolo,‹scu
927 2742 1041 2836 iniqua
1076 2762 1140 2816 sue
1166 2744 1367 2816 temeritatis
1393 2761 1579 2836 presump-

185 2845 284 2914 tione
312 2841 501 2934 inlriugere
527 2841 584 2913 uel
609 2839 781 2914 mirerere
808 2843 1071 2934 attemptanerit,
1097 2843 1182 2914 naut
1203 2839 1258 2912 dei
1279 2843 1521 2937 omnipotentis
1543 2849 1579 2912 et

184 2951 383 3016 sanderum
410 2951 596 3037 nurtyruna
623 2941 760 3037 llyliaui
794 2949 828 3012 ot
863 2942 1036 3014 sociorum
1071 2942 1145 3014 eius
1172 2960 1212 3016 se
1239 2943 1326 3014 sciat
1351 2945 1575 3016 incursurum.

185 3041 336 3116 Testes:
369 3039 451 3114 Otto
477 3044 587 3114 muer
611 3044 826 3137 propositus,
864 3037 958 3112 Belo
993 3039 1163 3129 decanus,
1201 3035 1346 3114 Siiridus
1381 3041 1576 3136 prepositus

183 3143 268 3215 noui
302 3143 522 3230 monasterii,
557 3139 750 3214 &atharus
785 3143 980 3235 prepositus
1019 3141 1129 3214 sancti
1162 3137 1349 3231 lobannis,
1387 3138 1575 3214 Gorelinus

182 3242 415 3331 scolasticus,
453 3240 648 3314 Hanwicus
685 3239 910 3328 cellerarius,
944 3237 1060 3314 Grimo
1083 3242 1321 3334 portenarius,
1360 3237 1576 3327 Gunuanus,

184 3341 397 3434 Berngerus.
448 3339 559 3414 tuci:
587 3337 799 3417 Gcteboldus
825 3338 1042 3432 burgrauius,
1067 3339 1187 3435 Bappo
1213 3337 1303 3414 filius
1330 3359 1425 3428 suus,
1457 3335 1576 3413 Lude·-

186 3445 298 3514 wicnr
322 3439 370 3512 de
392 3438 682 3530 Franalaeustein,
706 3437 920 3513 Goteltoldus
947 3437 990 3512 de
1012 3438 1277 3526 Henneubarch,
1301 3439 1421 3533 Boppo
1449 3435 1491 3509 da
1513 3437 1575 3510 lr-

184 3539 493 3629 nenoldeshusen,
519 3538 604 3614 Giso
625 3540 668 3612 de
686 3536 922 3628 lliltonlrurch,
946 3537 1160 3612 dannanus
1189 3560 1306 3614 comes
1333 3537 1377 3610 de
1402 3535 1575 3610 Bilhilde·

28 3615 30 3658 ᾗ
186 3637 510 3730 hasenrietanus
537 3640 579 3712 de
606 3639 735 3729 Castel,
769 3635 848 3710 Otto
875 3637 918 3710 dc
944 3637 1238 3732 wiggersuusen,
1273 3635 1446 3712 Heroldus
1472 3637 1575 3710 uice-

187 3741 358 3829 donuinns,
371 3739 552 3833 Billungus
564 3739 743 3830 scultetus,
758 3737 955 3827 Adclricus,
969 3738 1178 3826 Richalrnue,
1190 3735 1401 3812 Goteboldns
1415 3734 1576 3824 Sinistcr,

185 3840 369 3912 llainncus
395 3837 534 3929 Weiso,
560 3849 596 3910 et
618 3837 725 3911 irater
751 3859 833 3912 suus
858 3835 1044 3928 Haroldus,
1070 3836 1278 3928 Godelhoclu,
1305 3834 1511 3910 Godeiridus
1533 3832 1576 3906 de

186 3939 280 4030 loro,
306 3937 484 4013 Corradus
510 3938 554 4010 do
577 3937 817 4026 Busensluoirn
844 3936 1070 4032 Volqnoudus
1099 3937 1141 4010 de
1160 3935 1411 4027 Burcarderod,
1436 3934 1518 4008 Otto
1534 3933 1577 4004 de

188 4039 422 4125 windeheim,
448 4037 625 4112 Ctmrudus
652 4038 693 4114 da
719 4035 949 4112 llohenburclt
973 4047 1008 4110 ct
1033 4037 1093 4108 alii
1119 4036 1372 4209 qnaup'pluree.
