3776 4730
330 467 406 567 lo'o
754 506 765 534 ⁶
922 465 1140 567 nocumenta
1196 510 1199 523 ’
1247 506 1274 558 r·

333 700 521 788 petentem,
546 711 587 761 ac
615 687 722 785 siquid
749 689 791 761 de
816 695 934 788 precio
963 693 1053 766 dicte
1084 693 1274 766 oblacionis
1301 715 1379 765 mee
1406 695 1437 763 in
1465 678 1716 764 Buecheler

334 813 397 886 per
423 789 604 888 capitulana
632 787 792 892 distracto
819 797 1000 888 supererit,
1027 793 1127 866 rniclii
1155 805 1187 864 et
1216 795 1301 865 meis
1328 790 1510 864 heredibus
1535 813 1597 888 per
1617 794 1716 886 capi-

334 891 439 962 tulum
466 889 673 962 refundatur.
727 891 772 962 Vt
805 903 915 963 autem
932 891 1025 964 lieo·
1051 897 1162 965 omnic
1198 903 1232 964 et
1258 892 1393 984 singula
1420 895 1588 988 premissa
1614 887 1719 962 robur

335 989 511 1064 obtineant
536 988 649 1060 debite
676 989 854 1084 firmitatis,
881 997 912 1064 in
941 1015 1061 1065 eorum
1093 997 1321 1066 testinnonium
1349 1001 1544 1088 presentem
1571 991 1718 1062 litterano

335 1091 470 1185 capituli
499 1090 656 1161 antedicti
683 1101 719 1160 et
742 1113 821 1163 meo
847 1092 985 1186 sigillis,
1010 1091 1111 1167 miclri
1136 1094 1262 1190 placuit
1283 1092 1453 1165 roborari.
1490 1094 1610 1164 Datum
1628 1113 1717 1162 anno

278 1201 280 1210 '
334 1189 460 1262 domini
486 1188 811 1282 nto-cctnxvnt,
837 1187 906 1264 lll⁰·
937 1215 1051 1266 ‘nonos
1077 1191 1292 1265 Nouembris.

544 1389 649 1474 sigttta
671 1387 754 1451 laesa
777 1391 954 1472 appendent

894 1811 1116 1932 ''CDXXVL
1240 1820 1257 1834 “’

708 2086 712 2095 r
801 2015 889 2080 Anno
915 2011 1017 2096 1279,
1041 2009 1254 2134 233Janustll.

334 2197 540 2276 Bertholtlas
566 2195 818 2296 herbipolensis
846 2204 1029 2298 episcopus
1051 2212 1226 2273 matronae
1245 2195 1363 2289 nobili,
1384 2197 1520 2274 Alheitli
1537 2194 1580 2270 tle
1596 2197 1715 2270 Trina-

334 2325 435 2400 parg,
468 2303 563 2398 quae·
581 2311 659 2396 post
687 2309 802 2372 votam
828 2301 1071 2398 professionis,
1094 2325 1111 2372 a
1140 2305 1215 2377 viro
1244 2323 1307 2373 suo
1336 2299 1493 2372 Conrado
1522 2299 1564 2370 de
1596 2297 1714 2372 Trini-

335 2425 423 2500 perg
446 2401 553 2475 nobili
569 2403 765 2493 ·emissum,
801 2402 909 2498 elegit
933 2403 1022 2499 apud
1048 2406 1291 2474 monasteriam
1320 2397 1586 2474 Scheiter'sheirn
1614 2399 1715 2470 clau-

335 2503 518 2576 alere'dies
544 2523 640 2592 suos,
666 2523 728 2598 pro
747 2503 848 2573 atne
875 2522 959 2575 suae
985 2513 1140 2598 tempore
1160 2505 1359 2599 pensionem
1379 2504 1521 2572 annuam
1542 2503 1714 2595 proluittit.

435 2701 712 2776 Bertholdas
741 2701 795 2773 dei
823 2707 932 2798 gratia
959 2699 1209 2800 herbipolensis
1237 2701 1388 2774 ecclesia
1415 2703 1621 2796 episcopus:
1638 2695 1717 2770 rto-

336 2807 449 2875 nerint
474 2805 628 2875 vnioersl
654 2803 862 2900 presentiam
889 2805 1104 2898 inspectores
1134 2815 1199 2873 tam
1226 2817 1371 2898 presens
1398 2813 1487 2886 etas,
1513 2816 1610 2896 quon
1637 2806 1718 2896 post

335 2905 446 2976 lutura
473 2907 670 3002 posteritas,
697 2902 888 2997 quodcum
915 2925 1029 2974 cororn
1057 2901 1155 2974 nobis
1182 2913 1335 2977 matrona
1362 2901 1488 2982 nobilis
1504 2899 1716 2974 Attet'ots

337 3003 381 3076 ‹le'
405 3003 643 3100 'l’rlrnperg
693 3013 748 3074 ost
772 3007 888 3074 votorn
916 3003 1158 3098 prolessionis,
1189 3025 1207 3073 a
1235 3006 1310 3074 liro
1335 3022 1414 3094 suo,
1441 2999 1566 3072 dilecto
1594 3010 1716 3073 nostro

338 3103 548 3176 Conrado
585 3101 627 3174 de
663 3021 917 3198 lrirnp’erc,
957 3101 1084 3189 noliili.¹
1118 3101 1160 3174 de
1187 3101 1365 3174 ¹¹uoluntate
1399 3113 1433 3174 et
1457 3097 1576 3173 'verbo
1611 3103 1717 3196 ipsius

336 3201 562 3277 lllheitlis
589 3205 765 3292 emissura,
791 3203 937 3294 elegerit
963 3203 1049 3300 aliud
1077 3207 1320 3275 monasterium
1341 3201 1367 3274 S
1377 3199 1716 3290 eleiterslre'im,

338 3307 370 3376 ln
405 3303 547 3401 quodam
570 3295 724 3400 *speciali
758 3304 998 3400 receptaculo,
1033 3301 1095 3374 sub
1130 3305 1294 3375 castitatis
1328 3302 1415 3376 flore
1449 3299 1609 3373 claudere
1643 3299 1717 3374 tlies

339 3423 444 3496 suos,
477 3407 553 3499 qnia
590 3403 890 3475 eadem·matrona
916 3427 982 3475 vna
1018 3423 1092 3474 cunr
1118 3407 1194 3474 viro
1221 3425 1284 3475 suo
1311 3401 1485 3497 predicto,
1508 3399 1717 3497 ¹‹soatlnnotis

340 3526 459 3589 eorum
487 3501 640 3576 manibus
657 3515 779 3577 costra
805 3503 1043 3599 Trinrperg
1071 3525 1144 3574 cunr
1173 3523 1291 3576 eornrn
1319 3502 1511 3574 attinenciis
1537 3506 1569 3574 in
1596 3523 1663 3574 nos
1684 3511 1716 3572 at

341 3603 525 3676 ecclesiam
550 3611 703 3674 nostram
731 3601 839 3674 libere
868 3603 1130 3676 transtulerant.
1163 3625 1226 3680 nos
1254 3607 1503 3690 intercetera,
1536 3622 1600 3698 qoe
1627 3607 1717 3672 circa

340 3705 436 3800 ipsos
463 3707 495 3774 in
522 3713 712 3777 restaurato
740 3704 979 3776 translacionis
1007 3703 1176 3774 tratunott
1203 3703 1357 3792 iacintus,
1384 3701 1535 3798 predicte
1563 3713 1716 3774 cranone

339 3824 402 3900 pro
428 3805 498 3873 uite
524 3813 767 3900 soe'tcmpore
794 3815 828 3875 et
853 3803 1007 3898 prandio
1035 3803 1119 3898 apud
1148 3804 1270 3875 dicturo
1297 3801 1715 3874 rnona'steriuanc'hei-

339 3901 570 3992 terracin,
595 3906 670 3977 sine
696 3908 728 3976 in
755 3901 854 3976 caltu'
872 3901 1019 3977 seculari
1047 3905 1148 3975 literit
1172 3907 1248 3976 siae
1265 3901 1416 3975 eiusdem
1432 3907 1628 3974 nonasterii
1651 3901 1714 3973 lna-³

339 4001 443 4074 bitarn
486 4007 729 4100 assumpserit,
769 4005 804 4074 in
840 4005 1079 4098 prinquaginta
1106 4005 1242 4078 talentis
1280 4003 1503 4080 hallensium,
1536 4007 1714 4096 sexaginta

341 4101 479 4178 maldris
518 4123 653 4177 annone
694 4111 734 4175 et
767 4105 910 4202 quatuor
950 4105 1091 4178 carratis
1128 4105 1198 4178 vini
1229 4103 1280 4174 ⁴de
1320 4101 1419 4177 lionis
1460 4109 1587 4176 nostris
1630 4103 1714 4178 intra
