3794 4722
364 461 436 536 titt
939 451 1157 538 llouumenta

361 655 600 750 Voolturtll,
643 657 859 733 Bothonis
910 654 953 731 tle
991 654 1262 733 llaselstein
1305 667 1341 732 et
1386 655 1643 732 Tooloriei
1693 656 1736 730 de

361 757 622 846 Bebenburo
645 755 799 854 prsdiotu
826 755 1033 838 Sumsoui
1058 755 1168 834 ludeo
1186 769 1222 832 et
1242 756 1425 832 heredibus
1441 759 1513 833 stris
1530 779 1594 854 pro
1613 755 1736 832 eodem

361 881 472 934 annuo
497 880 630 935 cunone
655 856 870 934 obtinentiam
893 855 993 932 nobis
1018 855 1234 952 presentibus
1252 857 1428 944 dederunt,
1454 879 1497 931 ea
1515 867 1628 932 umen
1644 879 1735 931 oon-

361 959 516 1051 tlioione,
551 969 587 1032 ut
612 957 719 1032 ludeo
744 958 804 1032 uel
829 958 901 1036 suis
927 953 1186 1034 suooessoriltns
1213 958 1336 1037 liumet
1359 957 1532 1033 isnesuus
1557 957 1676 1032 fauere
1700 961 1736 1032 irs

360 1059 480 1136 eudem
504 1058 628 1150 domo,
659 1069 773 1135 tamen
797 1055 885 1130 adeo
911 1055 1027 1174 altas,
1054 1077 1101 1130 ue
1129 1059 1165 1136 in
1198 1057 1333 1134 domum
1364 1057 1497 1156 prelati.
1511 1057 1736 1132 Waltlteri

359 1155 1485 1357 :titilletitiltitltnll‘leitil
1508 1155 1736 1357 'illl

359 1360 487 1442 luleus
512 1383 531 1434 u
556 1382 657 1444 muutt
681 1359 808 1437 ,domiui
832 1358 988 1432 Persei
1024 1355 1144 1437 lasani
1181 1363 1292 1436 nostri
1326 1359 1471 1436 eundem
1504 1358 1639 1434 domum
1671 1359 1737 1432 luae

358 1460 440 1556 lege
464 1483 526 1558 pro
553 1458 673 1533 eadem
698 1459 873 1533 oblatione
897 1461 1051 1557 reoepit,
1088 1469 1125 1532 ut
1161 1458 1203 1531 at
1239 1481 1485 1557 mensuumque
1516 1460 1625 1534 uellet
1659 1483 1734 1532 eam

357 1559 545 1635 transferre
576 1569 710 1657 posset,
743 1559 841 1633 saluo
867 1568 980 1634 tamen
1016 1568 1143 1634 statuto
1176 1581 1309 1636 emuna
1335 1560 1483 1652 ecclesie
1509 1570 1638 1655 nostre.
1689 1559 1737 1633 Vt

359 1670 471 1742 auten
494 1659 594 1741 uuus
614 1661 758 1738 aniona
782 1661 908 1756 pagina
932 1667 1006 1733 ratu
1029 1661 1065 1733 iu
1090 1669 1289 1760 perpetuum
1315 1665 1361 1736 sit
1385 1671 1421 1734 et
1445 1661 1645 1735 inconuulsa
1672 1663 1733 1734 in-

357 1762 540 1933 pressione
564 1759 670 1856 sigilli
696 1761 844 1854 ecclesie
868 1769 986 1853 nostre
1017 1769 1073 1835 est
1097 1760 1341 1852 corroborata,
1377 1771 1412 1834 et
1444 1764 1474 1836 si
1507 1761 1627 1858 aliquis
1653 1781 1734 1834 ma-

373 1860 508 1956 'gnandi
534 1884 638 1935 eausa
663 1871 782 1934 eontra
807 1863 1076 1958 prenominatum
1100 1859 1242 1935 ludeum
1278 1871 1313 1935 et
1339 1884 1421 1936 suos
1448 1881 1674 1936 suecessoree
1699 1865 1735 1934 in

356 1959 424 2034 hoo
448 1961 539 2035 laeto
564 1959 809 2035 rationabiliter
834 1969 960 2035 statuto
986 1964 1021 2034 in
1045 1971 1221 2058 posterum
1246 1965 1365 2036 uenire
1384 1965 1642 2060 presumpserit,
1667 1984 1734 2034 oa-

357 2063 470 2135 nonioi
496 2071 576 2134 tuno
600 2071 668 2134 lem
692 2065 762 2136 oris
787 2063 944 2134 uiuentes
968 2059 1123 2146 omnibus
1148 2060 1258 2136 modis
1285 2061 1394 2136 soilli
1421 2073 1593 2160 opponant
1613 2072 1649 2135 et
1667 2065 1734 2134 iam

358 2159 447 2234 dioto
480 2160 589 2235 ludeo
627 2085 689 2234 nef
716 2151 1083 2236 suecessoribus'suis
1120 2151 1256 2234 domum
1290 2161 1382 2234 illem
1416 2161 1589 2236 obtineant
1622 2171 1657 2235 et
1691 2161 1734 2234 alt

358 2261 508 2335 eeclesia
532 2284 608 2335 eam
633 2260 774 2336 alienari
798 2283 870 2336 non
892 2263 1109 2359 permittent,
1135 2263 1211 2358 ipse
1236 2265 1360 2335 etenim
1389 2261 1578 2336 Samson
1603 2260 1733 2336 ludens

358 2383 500 2436 securus
526 2361 569 2436 tle
593 2371 712 2436 nostra
737 2363 879 2436 tuitione
904 2371 1024 2435 eontra
1049 2361 1234 2456 quemlibet
1259 2361 1401 2434 saniem
1428 2361 1561 2436 domum
1579 2385 1599 2434 a
1620 2384 1732 2459 seps-

250 2499 251 2502 *
357 2461 447 2538 dioto
459 2460 693 2550 Waltlteru
720 2459 1164 2540 etuxoresuuAlltratla
1188 2472 1332 2556 argento
1346 2483 1410 2536 suo
1428 2465 1513 2538 satis
1531 2484 1613 2539 oute
1628 2485 1731 2542 oum·-

356 2565 498 2660 paranit.
536 2561 643 2636 liuius
668 2565 722 2637 rei
745 2571 853 2638 testes
880 2571 959 2639 sunt
981 2559 1038 2634 hii.
1075 2562 1129 2634 De
1142 2564 1338 2642 uauouiois:
1365 2561 1582 2639 Gothelritlus
1599 2571 1732 2653 cautor,

356 2661 573 2737 Gotheiritlus
588 2661 804 2754 scolasticus,
828 2659 1231 2754 HeinriousVaoltardus,
1255 2659 1472 2736 Eberhardus
1491 2661 1534 2736 de
1547 2663 1731 2754 Marmore,

356 2761 519 2836 Albertus
546 2761 588 2834 tle
612 2759 801 2854 Phasiane,
827 2759 1003 2835 cunradus
1029 2761 1250 2852 cellerarius,
1289 2760 1465 2838 cunradus
1492 2762 1535 2836 ulo
1561 2761 1732 2855 Vroburs,

355 2861 493 2936 Vlrious
519 2859 676 2953 Saeuus,
707 2859 923 2936 Eberhardus
948 2861 1143 2954 Duringus,
1174 2861 1375 2936 likelartlus
1401 2863 1444 2935 do
1470 2859 1732 2955 (tunlersleilss,

356 2960 550 3056 Berngerus
576 2961 619 3034 tle
644 2959 816 3056 (limosus,
839 2961 1023 3037 lleinrious
1047 2961 1227 3036 Panioulus
1251 2969 1288 3034 at
1312 2962 1369 3036 alii
1395 2983 1493 3058 quam
1518 2961 1647 3062 plures.
1676 2963 1734 3038 lle

356 3059 474 3134 lueis:
499 3061 683 3136 lleiuriuus·
706 3061 871 3136 saultotus
895 3071 932 3135 et
957 3059 1046 3135 lilius
1071 3064 1159 3158 eius,
1185 3062 1323 3135 stulius
1345 3061 1524 3154 sanitates,
1547 3063 1731 3136 lletnrious

357 3159 399 3234 tle
421 3159 630 3254 Butlerietlr,
656 3159 735 3234 otto
761 3173 798 3235 et
816 3160 915 3236 Arno
942 3160 1049 3234 irater
1074 3183 1168 3253 snus,
1194 3159 1463 3252 lirohenboltlns,
1490 3161 1669 3237 Ritwious
1695 3171 1732 3234 et

356 3261 589 3360 quamplures.
614 3262 704 3336 Aeta
714 3259 1387 3355 suntlapeannotlominiopinearaatiouis
1402 3261 1461 3335 tte
1479 3261 1532 3335 0⁰·
1546 3259 1731 3354 lxxmo,

354 3361 538 3437 indictione
561 3359 701 3454 xttlts,
725 3361 922 3461 presidente
946 3371 1062 3456 sunotp
1077 3383 1215 3455 romane
1241 3361 1390 3453 eoolssie
1419 3361 1618 3436 Alexandro
1643 3360 1730 3453 litu,

354 3461 582 3560 Regenlrertlo
599 3460 883 3559 mersburgense
896 3465 1062 3561 episeopo
1077 3463 1262 3553 existente,
1286 3471 1454 3556 regnante
1472 3461 1729 3556 gloriosissimo

353 3561 584 3638 &manorum
609 3566 816 3660 imperatore
839 3561 1218 3660 Fritlerioo,.Boppone
1244 3561 1428 3657 burgrauio
1454 3565 1488 3635 in
1510 3561 1728 3637 Wirnelturu.

515 3761 654 3848 Slptllun
674 3762 796 3850 uolaptt
812 3761 1077 3842 aanotlitltunlde
1088 3761 1178 3826 domo
1188 3767 1368 3844 impressum
1380 3762 1499 3829 etltene
1507 3769 1729 3828 umanum.
