3794 4722
481 466 483 483 r
576 438 791 531 episcopatus
821 434 1121 546 wunibmgensis
1463 437 1533 512 loo

158 632 375 706 Gothefridus
402 633 444 705 de
471 631 655 725 Grutheinu
680 634 854 708 lohannes
881 636 1126 728 scholasticus⁷
1150 637 1259 727 Boio,
1285 633 1533 728 Theodericus,

156 733 395 827 eggehardus,
407 733 587 808 Heinricus
602 734 644 806 de
653 734 871 825 Niwcnburc,
884 735 1060 810 Cvuradus
1072 737 1192 810 Reiuo.
1219 736 1330 808 Laici:
1353 738 1534 832 Billungus

156 832 402 923 uicedominus‚
427 833 605 928 Billuugus
638 836 824 924 scultetus,
849 835 1066 926 Richalmus,
1096 835 1187 928 Otto,
1213 835 1324 928 Arno,
1350 836 1534 933 Geruugus

155 935 285 1023 Diues,
307 926 559 1006 Erkeubcldus.
593 935 777 1008 Bernollus
798 934 910 1026 Solle,
935 937 1159 1010 Wicruanuus
1185 937 1403 1029 iratoreJus.
1444 935 1535 1010 Acta
1598 1027 1599 1034 ἵ

156 1044 234 1107 snut
258 1033 323 1124 hec
347 1056 436 1106 anno
463 1033 628 1127 dominice
654 1037 907 1107 incarnationis.
935 1037 993 1108 Mo·
1013 1036 1064 1108 0⁰·
1080 1035 1250 1126 uxum,
1276 1035 1460 1110 indictione
1476 1035 1534 1127 V„

154 1143 325 1226 regnante
361 1133 536 1207 Friderico
570 1135 824 1230 gloriosissimo
861 1135 1094 1208 Romanorum
1138 1139 1369 1231 imperatore,
1418 1137 1534 1209 Reiu-

154 1232 262 1305 lmrdo
309 1233 601 1328 wirzeburgensis
628 1235 788 1328 ecclesie
814 1233 941 1326 electo,
966 1235 1130 1332 Boppone
1163 1239 1298 1310 comite.

322 1403 457 1488 Sigillum
480 1405 600 1490 collegii
623 1410 718 1468 sancti
739 1405 853 1486 llyllanl
876 1401 915 1467 de
938 1405 1026 1470 domo
1048 1409 1229 1486 impressum
1250 1405 1343 1468 adest.

672 1689 675 1694 ¹
795 1742 897 1814 oxu.

747 1906 834 2004 anno
860 1939 950 2006 1173.

165 2159 167 2166 ¹
257 2125 502 2200 missumst.
529 2125 760 2198 Romanorum
792 2129 977 2222 imperator
1012 2125 1157 2222 capitulo
1191 2123 1376 2198 cathedrali
1401 2130 1536 2200 wirce-

155 2227 322 2320 burgensi
348 2225 504 2298 mandet:
531 2235 567 2296 ut
585 2225 778 2298 Reinhardo
807 2225 920 2300 electo
937 2232 1113 2323 episcopo,
1139 2229 1174 2296 iu
1194 2225 1445 2320 expeditionem
1463 2230 1536 2298 ita-
1579 2289 1583 2299 .

155 2327 259 2398 licam
285 2336 403 2398 contra
429 2323 581 2398 rebelles
605 2325 854 2419 Longotarucs
881 2337 1048 2416 evocato2
1073 2329 1218 2420 pignora
1244 2324 1415 2400 ecclesiae
1443 2348 1536 2397 con-

158 2426 293 2517 cedant,
317 2448 461 2520 quorum
477 2429 587 2519 pretio
602 2425 725 2498 occu.
742 2449 874 2502 marcas
901 2427 942 2500 ad
969 2425 1110 2500 eandem
1129 2423 1354 2520 expeditionis
1372 2428 1537 2498 uecessi-

157 2535 260 2598 tatem
285 2529 396 2622 possit
421 2535 598 2611 mutuar03
636 2527 735 2599 simul
762 2537 873 2598 autem
900 2530 1115 2600 securitatem
1145 2525 1187 2596 de
1212 2523 1412 2619 pignoribus
1439 2524 1538 2596 redi-

157 2627 289 2700 mendis
314 2649 377 2722 per
404 2648 443 2700 se
469 2635 504 2697 et
528 2625 630 2698 lulium
658 2647 753 2700 suum
779 2627 974 2700 Heinricum
1000 2647 1121 2719 regem
1153 2624 1298 2719 capitulo
1324 2635 1487 2719 praestat.

294 2795 411 2860 Editum
432 2801 462 2858 in
484 2793 561 2858 lllou.
586 2793 666 2858 Boio.
691 2793 754 2856 llol.
777 2785 881 2856 XXlX.
906 2791 983 2854 Part.
1006 2791 1017 2854 l
1039 2811 1107 2875 pag.
1131 2787 1193 2853 415
1215 2789 1267 2854 Ντοι
1294 2787 1415 2852 CCCCC
1437 2785 1539 2855 xxti.

715 3267 716 3274 ’
793 3253 910 3328 cxxi.

746 3455 833 3517 Auno
862 3451 952 3517 1174.

159 3641 342 3714 Bertoldus
369 3641 536 3712 Huneoliu
563 3643 717 3712 concivis
744 3638 1043 3731 wirzeburgensis·
1074 3642 1201 3709 curiam
1235 3657 1330 3708 suam
1365 3637 1400 3704 in
1426 3635 1542 3729 platea

162 3742 367 3835 Smidegane
394 3739 642 3812 beutolliliano
669 3739 770 3811 tradit
797 3761 838 3810 ac
863 3761 938 3810 earu
956 3761 975 3809 a
990 3759 1089 3810 manu
1115 3737 1235 3808 decani
1253 3738 1327 3806 iuro
1356 3734 1540 3806 oblationis

782 3842 914 3933 recipit.

261 4006 299 4080 ln
324 4009 463 4078 nomine
489 4015 604 4098 sancte
632 4015 666 4076 et
691 4001 858 4094 indiuidup
876 4004 1044 4075 trinitatis.
1072 4001 1108 4072 P.
1124 4001 1272 4073 decanus
1301 4009 1335 4072 et
1354 4001 1540 4074 uniuersus

163 4107 454 4201 wirceburgensis
482 4105 630 4196 ecclesie
657 4113 855 4178 conuentus.
906 4099 1031 4174 Notum
1048 4105 1092 4176 sit
1108 4102 1263 4176 omnibus
1283 4111 1350 4173 tarn
1365 4103 1541 4196 presentis
