3774 4728
327 411 401 488 111
783 407 788 415 ’
907 411 1127 490 lincamenta
1213 497 1215 507 Ι

328 637 369 688 ec
393 611 673 707 lleregar'dis
701 635 804 687 soror
830 635 891 686 sna
928 617 1018 690 omni
1051 615 1116 686 iuri
1152 623 1187 686 et
1212 615 1412 710 impetitioni
1448 615 1481 688 iu
1520 611 1735 710 sepefatum.

206 721 211 726 '
328 717 454 787 curiam
480 718 733 788 renuntiassent
758 725 975 810 spontanee,
997 715 1117 786 Arno
1156 714 1254 786 miles
1291 713 1333 786 de
1359 712 1585 800 Hocbeim,
1613 723 1710 807 pater

328 819 491 910 ipsorum,
518 814 659 887 eundern
685 817 811 886 curiam
850 817 883 886 in
920 836 1038 886 manus
1065 813 1263 908 Gerungi
1302 813 1343 886 de
1370 813 1708 910 Enkcrsperge,

329 913 509 988 confratris
537 917 666 1002 nostri,
700 916 755 1010 qui
782 925 859 986 tunc
885 917 994 984 uicem
1021 912 1141 987 decani
1167 914 1331 1007 gerebat,
1364 913 1555 984 uoluntarie
1589 916 1709 1006 resig-
1823 972 1826 978 .

327 1018 442 1106 nevit,
477 1035 665 1109 omnesque
702 1014 848 1109 prelati,
887 1015 941 1108 qui
975 1015 1009 1084 in
1036 1035 1077 1086 ea
1103 1016 1155 1086 ius
1183 1013 1321 1109 aliquod
1346 1013 1545 1085 uidebantur
1572 1011 1710 1098 babere,

329 1118 419 1188 omni
447 1117 510 1186 iuri
538 1127 572 1186 et
598 1117 798 1208 impetitioni
825 1117 858 1184 in
885 1113 977 1186 illam
1004 1116 1282 1194 renuntiauerant
1308 1117 1530 1184 communiter
1546 1137 1585 1184 ac
1598 1135 1709 1208 spou-

295 1233 298 1237 ’
328 1226 428 1287 tenee
455 1237 572 1286 conam
596 1213 710 1303 nobis,
735 1215 1032 1302 renuntiationes,
1067 1236 1151 1316 quus
1178 1225 1256 1287 ante
1294 1213 1513 1308 singulariter
1545 1214 1711 1302 iecerunt,

330 1313 464 1411 publice
500 1313 700 1410 prolitentes
740 1323 776 1386 et
812 1311 1051 1384 confirmantes
1095 1311 1228 1386 ibidem.
1288 1312 1344 1388 Ad
1381 1336 1521 1410 quorum
1563 1316 1710 1388 omnium

328 1412 565 1486 rationabilem
604 1415 803 1509 petitionem
849 1405 915 1484 'nos
957 1416 1083 1484 coriam
1125 1417 1239 1508 sepius
1283 1417 1488 1486 nominatam
1535 1413 1711 1510 sepedicto

328 1517 503 1590 Arnoni
530 1517 695 1584 canonico
720 1516 804 1585 noui
830 1515 1027 1588 monosterii
1054 1536 1095 1584 ac
1119 1512 1443 1587 fideicommissariis
1469 1517 1566 1604 eius,
1597 1537 1711 1585 uene-

330 1612 490 1686 rabilibus
538 1616 621 1684 uiris
666 1612 827 1686 uidelicet
868 1615 1033 1706 magistro
1074 1613 1405 1707 Tbegeubardo
1445 1614 1630 1686 scolastico
1677 1624 1712 1686 et

330 1713 525 1785 Henrico
568 1713 699 1784 custodi
743 1715 881 1783 rnaioris
923 1712 1096 1798 ccclesie‚
1142 1737 1276 1787 necnon
1321 1715 1527 1786 Craltoni
1568 1717 1711 1802 cantori,

329 1811 527 1885 Henrico
553 1812 686 1884 Pullo
712 1816 890 1908 magistro,
918 1813 1102 1888 Danieli
1129 1825 1164 1886 et
1189 1813 1411 1887 Diethero
1439 1817 1711 1886 canonicisnoni

330 1915 528 1985 monasterii
554 1933 616 2006 per
641 1935 774 1984 munitm
800 1912 921 2008 prelati
949 1912 1147 2007 Gerungi
1174 1915 1355 1985 confratris
1373 1919 1482 1986 nostri
1507 1915 1712 1987 contulimus

329 2033 404 2083 cnm
433 2015 523 2082 omni
549 2015 622 2083 iure
649 2015 763 2107 quiete
798 2035 839 2083 ac
876 2009 984 2084 libere
1010 2011 1272 2106 possidendam,
1311 2013 1411 2086 salvo
1451 2027 1562 2088 tamen
1590 2036 1713 2105 censv,

329 2111 491 2184 uidelicet
518 2111 799 2198 muldrotritici,
836 2110 924 2206 quod
952 2111 1097 2206 singulis
1123 2117 1220 2185 annis
1259 2115 1301 2185 de
1328 2115 1445 2185 carlom
1474 2119 1566 2186 curie
1591 2125 1714 2188 nostre

330 2211 548 2308 persoluetur
576 2211 726 2284 ecclesie
753 2222 986 2306 permanente.
1041 2212 1147 2284 liuius
1183 2235 1269 2307 ergo
1304 2217 1355 2286 rei
1391 2219 1528 2303 series,
1563 2226 1599 2286 ut
1639 2225 1714 2286 rata

331 2315 376 2386 sit
402 2335 444 2384 uc
470 2310 689 2399 inuiolabilis
715 2311 802 2384 banc
828 2311 990 2383 cartulam
1015 2311 1184 2384 conscribi
1210 2336 1252 2384 ac
1276 2313 1394 2408 sigillo
1422 2327 1542 2388 nostre
1560 2315 1714 2388 ecclesie

330 2415 535 2506 testiumque
560 2411 811 2508 subscriptione
837 2411 980 2484 lecimus
1008 2416 1218 2486 communiri:

433 2547 559 2621 Testes
585 2557 697 2618 autern
724 2555 802 2617 sunt
825 2543 893 2616 bii:
933 2543 1109 2617 Cunredus
1137 2545 1179 2618 de
1206 2545 1437 2642 Gulemburg‚
1472 2545 1712 2640 Engelhardus

331 2645 650 2738 dehonestasse,
690 2645 854 2718 Albertus
890 2643 932 2716 de
958 2643 1153 2718 Zabelstein
1195 2645 1421 2738 cellerarius,
1461 2647 1629 2724 Henricus
1670 2645 1714 2720 de

331 2745 456 2846 Lepide
481 2749 717 2842 portenarius,
744 2747 900 2818 canonici
927 2745 1078 2816 ecclesie
1110 2757 1250 2834 nostre,
1284 2747 1521 2842 Engelbardus
1551 2747 1710 2820 clericus.

332 2847 423 2921 Laici
450 2869 603 2942 quoque:
640 2845 714 2917 Olio
741 2845 887 2917 Orientis
914 2843 1101 2934 scultetus,
1136 2843 1332 2919 Gotelridus
1357 2848 1556 2936 Bctelmem
1591 2847 1713 2920 Ecle-

332 2945 456 3019 bardus
496 2945 635 3033 Pullus,
670 2945 869 3042 Walpertus
911 2943 1049 3034 Temo,
1081 2944 1276 3019 Richalmns
1317 2945 1406 3018 lilios
1442 2947 1632 3042 Berengeri
1670 2947 1714 3018 de

333 3045 522 3134 Tbelbeirn,
549 3045 753 3138 Rudcgerus
779 3045 983 3132 Autumnus,
1010 3043 1177 3117 llenricns
1204 3046 1311 3124 frater
1328 3047 1493 3136 eiusdem,
1518 3046 1714 3121 Fridericus

332 3145 492 3234 bewcrc‚
517 3145 688 3218 Heroldus
715 3143 803 3218 lilius
831 3143 1006 3234 eiusdem,
1031 3145 1198 3217 Henricus
1226 3145 1404 3236 Quabelo,
1429 3147 1597 3220 Henricns
1624 3145 1714 3220 filius

332 3245 524 3320 Ecbcberdi
550 3244 592 3316 de
617 3243 821 3332 Bleicbvelt‚
848 3245 1025 3337 Billungus
1052 3248 1170 3317 senior
1196 3243 1238 3317 de
1264 3247 1467 3336 Bleicbvelt‚
1494 3247 1662 3320 Henricus
1679 3259 1715 3321 et

331 3345 548 3420 Eberhardus
573 3343 633 3416 lilii
669 3342 1105 3434 erustem‚Ertenbott11s
1134 3345 1307 3444 Tacprot‚
1341 3347 1572 3440 Scbiltungos.
1628 3351 1712 3420 Acta

333 3457 444 3521 antem
470 3455 549 3519 sunt
571 3443 637 3516 bec
662 3467 750 3517 anno
777 3447 1018 3517 incarnationis
1046 3443 1214 3518 dominice
1240 3445 1298 3518 ΜΟ·
1320 3447 1400 3518 CC⁰=
1427 3445 1532 3537 Xll⁰·‚
1574 3449 1711 3522 domino

335 3571 375 3620 oc
400 3558 498 3644 patre
525 3545 718 3616 reuerendo
744 3545 898 3618 Honorio
926 3557 1147 3617 sacrosancte
1174 3567 1315 3618 romane
1332 3547 1483 3620 ecclesie
1504 3549 1713 3643 presidente,

334 3649 558 3720 inuictissirno
584 3645 720 3717 domino
748 3643 923 3717 Friderico
949 3645 1181 3718 Romanorum
1200 3649 1405 3742 imperatore
1434 3671 1474 3719 ac
1490 3671 1575 3743 rege
1595 3649 1713 3722 Slcilie

333 3752 534 3846 imperante,
559 3743 751 3818 venerabili
778 3743 913 3818 domino
940 3744 1064 3818 Ottone
1091 3747 1254 3842 episcopo
1281 3747 1523 3844 herbipolensi.

542 3943 699 4027 Appendet
733 3945 862 4030 sigillum
900 3945 1018 4026 capituli
1056 3949 1175 4008 maioris
1210 3946 1360 4010 ecclesiae
1401 3948 1520 4012 sollium
1558 3965 1597 4011 ex
1629 3947 1711 4013 luni·

546 4031 623 4094 euin
644 4034 749 4096 semels
771 4031 853 4098 rubri
876 4049 912 4094 ac
932 4029 1035 4094 viridis
1058 4031 1178 4095 coloris.
