3838 4728
317 421 390 492 546
896 418 1115 490 bionumenta

322 619 399 692 Vnd
437 619 548 690 aleine
589 617 663 690 dise
697 615 825 688 brucho
852 615 1014 689 zuiscben
1040 639 1104 690 uns
1140 613 1184 687 nir
1211 611 1252 685 rin
1280 614 1427 708 gerihtet
1455 619 1529 705 sin,
1567 639 1608 688 so
1635 615 1704 687 be-

321 719 434 792 kenne
464 723 529 790 wir
560 717 649 790 doch
676 719 736 788 der
762 711 859 806 stine,
886 715 940 786 die
967 714 1180 809 derkunig
1206 715 1369 788 zuiscben
1390 739 1455 790 uns
1474 714 1703 788 neNirren-

318 819 430 912 berg
455 818 583 906 mahte,
610 818 670 888 daz
694 821 761 887 wir
789 816 843 887 die
869 813 1084 908 uesteclighe
1110 817 1225 887 halten
1251 815 1340 888 suin.
1391 819 1493 888 Dirre
1521 815 1704 909 dingesint

318 919 476 1014 geuhge:
503 915 638 991 Brhder
664 917 809 988 Gerhart
834 939 903 986 uon
929 915 1110 1009 Hirzberg,
1138 938 1247 1008 grene
1266 913 1434 988 Eberhart
1457 915 1704 988 uonKaaaen-

320 1019 537 1112 elenbogen,
565 1016 733 1090 Eberhart
758 1016 826 1088 und
851 1011 961 1086 iirich
988 1011 1113 1087 brbder
1137 1039 1206 1088 non
1233 1010 1459 1108 Slhzelberg,
1486 1015 1612 1088 Gotfrit
1637 1039 1705 1088 uon

319 1115 528 1208 Brinekhe,
566 1117 750 1188 Woluerat
776 1139 843 1187 uon
870 1115 1078 1202 Eberstein,
1118 1138 1226 1209 grece
1251 1110 1383 1189 Rbdoli
1405 1139 1473 1188 uon
1499 1116 1704 1208 wertheim,

322 1218 455 1315 Sybote
495 1241 562 1291 uon
604 1211 819 1305 Walhirsen,
850 1214 1004 1287 Dietrich
1041 1215 1148 1306 Phal,
1185 1215 1355 1288 Eberhart
1392 1239 1460 1288 uon
1499 1208 1705 1306 issenhein,

317 1320 451 1391 Horant
478 1318 539 1390 der
568 1327 678 1410 roget
704 1340 772 1388 uon
797 1313 977 1388 Rienelrke
1014 1314 1081 1386 und
1119 1337 1192 1386 mer
1232 1315 1359 1387 andere
1395 1317 1455 1388 dar
1487 1312 1528 1387 nri
1554 1316 1704 1410 gebeton

322 1419 389 1491 und
417 1419 546 1512 gelatte
576 1417 723 1512 gezhge.
776 1414 851 1487 Vnd
877 1414 938 1486 dau
965 1418 1030 1486 wir
1056 1415 1168 1503 aliea,
1202 1415 1264 1486 dau
1299 1415 1410 1488 obene
1437 1417 1623 1510 geseriben
1647 1420 1704 1505 ist,

320 1530 409 1592 stete
436 1519 564 1608 halten,
591 1518 653 1589 dau
678 1516 743 1588 han
770 1521 835 1588 wir
860 1517 919 1586 mit
946 1513 1078 1586 trhwen
1107 1514 1226 1608 gelobt
1252 1515 1319 1588 und
1344 1517 1468 1588 hieron
1494 1517 1592 1589 disen
1617 1515 1708 1587 briei

319 1617 456 1692 scribon
483 1618 550 1690 und
578 1622 636 1688 mit
663 1639 791 1688 unsern
828 1615 978 1707 insigeln
1017 1616 1251 1687 uesteclichen
1277 1618 1464 1710 uersigele.
1516 1613 1600 1688 nist
1629 1615 1705 1688 dinc

321 1723 388 1790 sint
413 1718 611 1811 geschehen
638 1739 679 1787 ae
707 1715 939 1810 oppenheim,
974 1736 1044 1785 von
1079 1727 1180 1807 gotes
1214 1713 1359 1808 gobhrte
1385 1727 1499 1788 tusent
1524 1721 1575 1787 iar
1601 1720 1704 1787 auci-

318 1817 462 1889 hundert
488 1823 539 1887 iar
565 1821 599 1888 in
627 1815 725 1886 deme
752 1820 830 1886 zuei
855 1813 923 1884 und
940 1813 1184 1906 abnegesteme
1203 1819 1288 1905 iare,
1315 1839 1359 1889 an
1377 1817 1477 1889 derne
1493 1827 1703 1910 sementagc,

319 1939 361 1987 an
387 1927 505 1988 sancte
532 1917 675 1988 Priscen
705 1913 847 1986 abende.

527 2113 573 2175 Ex
596 2111 714 2176 duobus
738 2114 855 2198 sigillis,
879 2113 1028 2194 quondam
1052 2121 1203 2196 appensis,
1228 2115 1428 2198 fragmentum
1450 2121 1537 2196 primi
1553 2122 1701 2196 superest.

939 2559 1085 2631 CDLlX.

791 2759 879 2822 Anno
906 2754 1008 2836 1282,
1036 2755 1082 2820 11.
1106 2757 1211 2821 biarbii.

319 2940 545 3034 Manegoldus
573 2941 615 3012 de
640 2941 895 3036 Niuwenburg,
930 2947 1145 3039 praepositus
1189 2955 1223 3015 et
1249 2943 1508 3016 archidiaconus
1535 2943 1701 3040 herbipo-

320 3041 441 3130 lensis,
469 3041 808 3114 consensuBertoldi
834 3045 989 3138 episcopi
1012 3055 1046 3115 et
1067 3045 1203 3139 capituli
1224 3043 1401 3134 decimam,
1428 3043 1493 3118 sibi
1520 3055 1554 3116 et
1581 3043 1701 3116 eccle-

321 3143 393 3213 siae
419 3143 453 3212 in
480 3139 709 3214 Gookesheim
736 3164 781 3213 ex
808 3145 902 3236 agris
929 3143 970 3214 ad
997 3147 1121 3214 curiam
1148 3148 1182 3215 in
1209 3143 1334 3237 Wiger
1360 3143 1605 3240 pertinentibus
1632 3143 1701 3214 de-

320 3239 433 3330 bitam,
461 3245 645 3313 conventui
671 3245 705 3312 in
720 3240 899 3314 Eberache
926 3243 1038 3333 tradit,
1065 3247 1236 3339 recipiens
1263 3248 1297 3315 in
1313 3255 1503 3316 restaurem
1526 3247 1651 3316 curiam
1668 3254 1702 3314 et

740 3363 891 3414 mansum
920 3343 1006 3440 apud
1034 3343 1273 3418 Gookesheim.

418 3509 491 3584 Nos
517 3510 818 3604 Manegoldus
845 3513 888 3585 de
914 3513 1224 3610 Niuwenburg
1249 3518 1443 3612 prepositus
1465 3513 1701 3609 starchidya-

325 3631 431 3684 conus
459 3610 713 3705 herbipolensis
751 3619 1037 3708 recognoscimus
1065 3617 1280 3710 presentibus
1306 3613 1441 3711 publice
1467 3613 1702 3709 protestando,
1808 3683 1817 3694 ‚

321 3708 411 3804 quod
436 3709 600 3783 decimam
627 3715 724 3786 annis
761 3715 906 3808 singulis
944 3737 1010 3787 sex
1036 3715 1163 3786 maldra
1200 3717 1346 3808 siliginis
1385 3715 1599 3802 soluentem,
1637 3737 1702 3808 que

319 3809 419 3884 nobis
448 3821 482 3883 et
509 3811 659 3885 ecclesie
686 3823 805 3886 nostre
844 3818 877 3886 in
906 3814 1208 3888 Gookesheim
1236 3838 1255 3886 a
1283 3815 1415 3886 dilectis
1441 3817 1475 3885 in
1502 3813 1639 3886 Christo
1668 3867 1701 3884 ..

321 3908 442 3982 abbate
469 3921 504 3983 et
530 3922 701 3984 conuentu
726 3913 848 3985 fetrum
874 3918 1074 3987 monasterii
1110 3926 1228 3987 sancte
1254 3915 1362 3986 Marie
1395 3919 1428 3985 in
1454 3913 1701 4004 Eberoche,

322 4008 450 4081 ordinis
478 4015 727 4104 cisterciensis,
753 4013 796 4086 de
823 4013 1019 4108 quibusdam
1046 4017 1160 4108 agris,
1187 4019 1282 4087 curie
1309 4018 1459 4109 ipsorum
1486 4017 1520 4086 in
1547 4013 1701 4107 Wiger
