3794 4722
336 429 407 504 162
923 423 1140 496 Monumenta

418 625 586 714 ,Quodam
607 622 808 696 Erlindis
837 623 1078 698 elemosinaria
1097 623 1273 696 dominil..
1302 624 1343 694 de
1371 623 1591 720 Spbippbe
1606 625 1715 698 tribus

337 729 490 803 cathenis
517 726 620 818 ligata
644 723 717 814 fuit,
743 745 882 817 querum
907 747 974 795 una
1011 728 1102 794 iuxta
1141 721 1287 796 tumbam
1313 747 1341 798 s.
1370 723 1433 814 0.,
1466 724 1574 796 altera
1598 725 1715 798 Mer-

335 827 577 922 gentbeim
603 826 710 896 tercia
736 827 770 894 in
795 823 913 916 uigilia
948 846 977 898 s.
1004 823 1128 896 Kiiiani
1154 822 1196 894 ad
1222 823 1368 896 tumbam
1396 847 1424 895 s.
1450 825 1488 895 Β.
1520 823 1653 915 decidit,
1680 835 1716 897 et

336 933 387 1002 sic
413 927 524 1000 soluta
552 935 586 995 et
612 933 728 994 curata
754 927 874 996 euasit.

435 1041 575 1130 Quidam
602 1062 688 1135 puer
714 1039 755 1112 de
780 1039 1124 1134 Heitingesvelt
1148 1043 1184 1112 in
1200 1039 1343 1133 genibus
1370 1039 1412 1112 ab
1428 1039 1566 1114 infantie
1587 1053 1715 1114 tantum

336 1142 527 1216 debilitatus
554 1145 612 1230 ἤιε,
639 1139 728 1235 prod
754 1143 806 1210 ire
831 1162 901 1212 non
927 1149 1059 1236 posset,
1086 1163 1105 1210 a
1130 1139 1327 1235 parentibus
1355 1144 1425 1212 suis
1452 1141 1494 1212 ad
1511 1141 1655 1214 tumbam
1683 1165 1713 1216 s.
1787 1231 1790 1238 Ι

334 1245 371 1318 Β.
400 1243 548 1332 oblatus,
572 1240 697 1311 ibidem
725 1261 883 1333 gressum
909 1242 1049 1335 recepit.

435 1359 537 1432 Alter
561 1380 646 1453 puer
672 1355 989 1446 deKarieburc‚
1017 1359 1113 1429 cuius
1141 1359 1278 1429 sinistre
1294 1379 1412 1432 manue
1439 1368 1613 1430 contracta
1638 1359 1713 1450 tuit,

336 1463 371 1533 in
396 1461 570 1555 presentia
597 1457 778 1528 multorum
806 1467 941 1529 curatus
969 1465 1034 1529 cst.

430 1576 530 1648 onr
558 1575 694 1648 sculteti
720 1573 762 1646 de
787 1575 1031 1668 Ristingen
1058 1571 1176 1644 claude
1203 1583 1238 1644 et
1263 1575 1297 1644 in
1322 1595 1390 1644 uno
1409 1595 1510 1644 crure
1538 1587 1713 1648 contracta

335 1675 447 1748 delata
473 1675 515 1746 ad
540 1673 686 1745 tumbam
713 1697 740 1746 s.
767 1675 937 1746 Brunonis
965 1676 1060 1745 cuius
1087 1675 1252 1746 inuocans
1293 1677 1435 1768 gretiam
1475 1674 1586 1748 subito
1614 1699 1714 1747 crure

334 1785 638 1948 ppplpstofugipessum
663 1778 794 1869 recepit
820 1784 854 1846 et
879 1795 963 1868 puer
989 1771 1141 1869 eiusdem
1168 1771 1362 1845 calculosus
1396 1795 1415 1843 a
1451 1775 1583 1846 calculo
1619 1775 1713 1847 libo-

551 2027 572 2101 ¹‚
597 2023 619 2100 ²,
644 2023 672 2102 ³)
695 2031 766 2088 Haec
788 2030 869 2086 verbe
891 2045 972 2102 super
994 2045 1100 2084 maurae
1123 2029 1234 2100 nigriori
1258 2035 1404 2086 atramento
1427 2029 1527 2100 compte
1549 2034 1619 2086 eunt.

548 2111 575 2192 ⁴)
598 2117 741 2188 Sequentia
764 2117 875 2189 nigriori
899 2121 1046 2173 atramento
1068 2115 1166 2188 scripte
1188 2122 1257 2170 suut.

546 2284 577 2346 ln
600 2283 715 2370 reliqua
736 2289 820 2364 perte
843 2281 1032 2345 membranae
1056 2280 1255 2366 fragmentum
1277 2283 1427 2342 rationarii
1450 2283 1589 2361 scripturn
1613 2289 1668 2345 cst.

954 2739 1096 2816 CLXIII.

759 2940 846 3003 Anno
872 2935 970 3018 1203,
994 2955 1098 3002 mense
1120 2939 1292 3031 Februario.

335 3126 524 3201 Reinoldus
552 3129 689 3200 maioris
717 3127 890 3200 ecclesiae
916 3121 1208 3220 wirceburgensis
1243 3129 1427 3199 canonicus
1469 3137 1504 3200 et
1538 3128 1711 3202 archidia-

336 3251 445 3302 conus
472 3249 646 3302 consensu
680 3227 782 3299 electi
818 3225 969 3298 Heinriei
1007 3233 1041 3299 et
1078 3228 1180 3304 totius
1225 3227 1361 3321 capituli
1388 3226 1564 3299 duodecim
1593 3233 1728 3323 iugera·

296 3385 305 3404 .
336 3332 515 3402 vinearum
540 3330 575 3398 in
602 3326 822 3398 Tbaelebeim
850 3336 883 3400 et
910 3334 1052 3419 mutuor
1078 3329 1112 3396 in
1138 3325 1299 3398 Ruderen
1324 3326 1483 3423 hospitali
1509 3331 1712 3422 pertinentia

335 3451 399 3524 pro
444 3427 625 3502 medietate
673 3427 839 3498 fructuum
879 3423 1042 3496 Bertoldo
1088 3423 1130 3496 de
1168 3423 1366 3500 Robestoob
1418 3438 1452 3498 et
1495 3432 1595 3502 uxori
1637 3433 1711 3502 eius

857 3523 993 3596 Sabene
1021 3523 1188 3596 concedit.
1273 3537 1275 3542 ’

436 3710 529 3801 †C.
578 3709 614 3780 ln
640 3713 777 3783 nomine
804 3719 922 3782 sancte
949 3721 983 3782 et
1008 3710 1178 3782 individuo
1205 3713 1371 3783 trinitatis.
1426 3711 1613 3806 Capitulum
1632 3721 1712 3786 ma'-

337 3813 421 3884 ioris
448 3809 599 3882 ecclesie
624 3809 935 3904 uuiroeburgensis.
982 3811 1234 3904 Quegeruntur
1257 3815 1476 3906 intempore,
1501 3811 1713 3886 uelabantur

338 3933 412 3981 oum
439 3919 606 4004 tempore,
631 3909 817 3982 litterarum
845 3907 968 3982 debent
994 3913 1156 3982 memoria
1182 3913 1373 4004 perennari.
1425 3909 1506 3984 Inde
1534 3923 1598 4002 est,
1625 3913 1715 4008 quod

339 4033 406 4104 ogo
446 4007 694 4082 Reiuoldus
741 4013 879 4082 maioris
918 4009 1069 4084 ecclesie
1105 4007 1402 4102 uuirceburgensis
1447 4017 1631 4086 canonicus
1679 4023 1713 4086 et
