3776 4730
606 436 1142 537 episcopatus-wirciburgensis.
1496 428 1571 508 too

177 643 305 719 prepter
327 655 384 701 nos
407 637 638 721 bertoldus,
673 640 720 703 dei
754 646 856 725 gracia
893 645 1054 722 episeopus
1086 636 1325 720 herbipolensis,
1361 640 1464 696 netum
1497 649 1567 698 esse

177 723 321 787 uolumus
344 731 402 788 um
424 725 614 807 presentibus
637 745 725 808 quam
748 727 924 810 postfuturis
939 731 1099 804 uniuersis,
1121 721 1203 805 quod
1217 739 1274 786 nes
1290 728 1320 782 et
1334 725 1432 783 tocius
1448 721 1567 802 capituli

176 815 276 872 nostri
299 829 453 874 consensu
476 829 624 893 expresso
648 821 678 874 et
706 813 903 876 conniueneia
937 811 1145 888 vendidimus,
1163 807 1353 872 ¹tradidimus
1387 813 1418 867 et
1446 803 1504 867 biis
1535 811 1567 870 in

178 899 303 976 scriptis
326 896 481 960 vendimus
515 905 545 960 et
577 899 720 962 tradimus
743 898 860 962 dilectis
892 903 922 960 iu
944 897 1060 962 Christo
1082 896 1240 980 religiosis
1257 897 1339 970 viris,
1363 939 1391 954 ..
1416 890 1513 954 abbati
1536 899 1568 954 et

177 987 343 1045 conuentui
366 987 541 1046 monasterii
563 983 756 1062 ebracensis,
780 992 910 1048 castrum
933 988 964 1045 tn
987 982 1226 1066 Spiesbeim,
1250 985 1352 1055 ortos,
1374 995 1484 1057 areas,
1507 975 1566 1039 ad-

176 1070 317 1130 iacentes
342 1067 449 1149 eidem,
473 1077 601 1150 quatuor
624 1087 746 1134 manses
779 1078 810 1132 et
832 1069 982 1132 dimidium
1015 1074 1044 1132 in
1067 1070 1213 1151 superiori
1238 1071 1267 1127 et
1288 1069 1318 1126 in
1339 1061 1475 1126 inlerierl
1496 1061 1567 1126 uilla

179 1171 252 1216 cnm
274 1152 422 1234 domibus,
445 1160 547 1236 pratis,
570 1161 702 1238 pascuis,
722 1157 820 1236 siluis,
844 1163 874 1218 et
896 1149 1114 1240 qninquaginta
1135 1151 1248 1218 maldra
1270 1167 1384 1228 auene,
1415 1165 1484 1230 quo.
1497 1153 1567 1215 sio-

178 1239 262 1321 gults
284 1245 370 1304 aneis
393 1259 449 1322 pro
468 1247 651 1324 recepelona
681 1243 823 1324 hospicii,
858 1241 938 1324 quod
971 1242 1124 1326 vulgariter
1148 1243 1333 1318 nuncupatur
1356 1233 1565 1318 berberge,

179 1326 565 1408 perciperedeberemus,
601 1347 721 1392 necnon
754 1329 793 1392 de
827 1328 960 1410 qualibet
991 1347 1062 1409 arcp
1092 1343 1182 1391 vnum
1204 1323 1316 1409 pullum
1338 1339 1406 1384 oum
1429 1319 1565 1384 omuibus

178 1411 247 1473 aliis
270 1417 463 1487 pertinenciis
487 1420 516 1476 et
538 1415 651 1481 iuribus
675 1420 784 1480 nostris
808 1419 915 1496 queuis
936 1415 1126 1495 proprietatis
1157 1415 1223 1472 iure
1256 1415 1285 1470 et
1319 1409 1439 1470 nomine
1470 1405 1565 1468 libere

177 1497 363 1578 possidenda
386 1505 416 1562 et
437 1517 527 1562 omne
548 1505 604 1580 ius,
628 1498 709 1581 qued
732 1520 787 1564 nos
810 1507 840 1561 et
863 1500 992 1562 ecelesia
1016 1505 1120 1562 nestra
1135 1501 1165 1558 in
1179 1493 1321 1577 predictis
1337 1493 1425 1555 bonis
1438 1493 1565 1576 singuiis

179 1589 211 1644 et
233 1588 383 1652 vniuersis
404 1585 560 1650 babuimus
584 1595 634 1650 aut
655 1586 767 1652 babere
789 1593 978 1670 poteramus,
1012 1585 1049 1648 de
1072 1599 1226 1648 censensu
1260 1583 1353 1644 nostri
1384 1579 1504 1660 capituli
1535 1582 1566 1640 in

180 1675 395 1732 monasterium
417 1669 591 1735 libracense
613 1671 821 1736 transierimus
842 1673 957 1734 litteras
978 1689 1032 1755 per
1055 1675 1214 1753 presentes
1242 1683 1298 1748 pro
1319 1667 1423 1746 precio
1446 1671 1566 1728 centum

181 1759 212 1815 et
233 1759 394 1841 nonaginta
417 1777 583 1821 marcarum
606 1765 734 1844 argenti,
757 1758 925 1838 dictosque,
949 1757 1086 1820 abbatem
1110 1761 1140 1818 et
1162 1757 1352 1828 conuentum,
1373 1751 1405 1810 in
1421 1757 1574 1830 presses-²
1659 1811 1665 1824 ,

180 1844 297 1904 senem
319 1848 418 1924 casim
441 1843 597 1926 benomm,
619 1850 872 1927 pertinenciarum
895 1851 926 1906 et
946 1849 1054 1906 terium
1076 1839 1278 1925 predictorum
1300 1835 1468 1898 inducimus
1492 1853 1566 1898 cor-

180 1925 326 2007 poralem,
349 1927 429 2013 quod
452 1936 586 2012 precium
608 1929 786 1996 confitemur
807 1947 863 1994 nos
885 1929 1048 2008 babuisse,
1083 1929 1237 2008 recepisse
1270 1929 1301 1986 et
1330 1926 1361 1986 in
1392 1927 1513 1984 nostres
1537 1925 1575 1987 et.

183 2013 316 2076 ecclesie
339 2022 443 2078 nostre
466 2023 659 2082 necessarios
683 2026 713 2082 et
734 2018 822 2080 vtiles
844 2028 916 2080 vsus
940 2019 1143 2092 conuertisse,
1160 2014 1373 2076 renunciantes
1389 2011 1565 2090 excepcioni

181 2116 242 2160 nen
265 2107 430 2180 numerate,
453 2120 513 2166 non
535 2104 634 2168 solute
658 2112 689 2168 et
711 2123 770 2168 non
792 2102 893 2166 babile
914 2107 1044 2184 pecunie
1067 2108 1097 2164 et
1119 2102 1198 2161 omni
1212 2100 1286 2160 iuris
1303 2089 1413 2156 auxilio
1429 2095 1566 2156 canonici

181 2183 231 2246 uel
254 2185 360 2264 ciuilis,
394 2193 600 2268 promittentes
623 2196 653 2252 et
674 2191 730 2252 biis
754 2191 926 2270 inscriptis
950 2207 1005 2254 nos
1037 2193 1067 2248 ei
1097 2202 1202 2246 omnes
1225 2187 1345 2244 nostros
1366 2195 1567 2241 successores

181 2267 360 2356 obligantes,
382 2271 462 2352 qued
485 2273 626 2356 predictis
650 2275 790 2340 iratribus
814 2273 932 2355 plenam
955 2271 1175 2360 gwarandtam,
1208 2285 1268 2348 que
1290 2265 1445 2347 wigo-iter
1466 2281 1565 2326 wer-

181 2353 310 2418 scbalt
332 2357 457 2438 dicitur,
491 2357 529 2422 de
561 2361 648 2422 bonis
680 2365 888 2443 preexpressis
924 2359 1068 2422 iaciemus
1100 2353 1263 2417 secundum
1298 2349 1378 2431 quod
1410 2348 1449 2411 de
1476 2350 1565 2412 benis

179 2447 384 2524 proprietariis
407 2451 567 2507 consueuit
588 2446 653 2510 lueri
686 2451 768 2508 iuxta
798 2451 879 2508 terre
900 2442 1152 2508 consuetudinem
1177 2436 1378 2520 approbatam.
1422 2434 1566 2498 Preterea

180 2527 348 2612 obligamus
371 2536 402 2591 et
423 2537 556 2612 presenti
578 2537 688 2614 scripto
711 2549 768 2594 nos
790 2536 822 2591 et
843 2548 947 2594 omnes
970 2535 1091 2591 nestros
1115 2539 1314 2590 successores
1342 2520 1381 2584 de
1410 2537 1566 2586 censensu

179 2619 274 2678 nostri
295 2617 415 2696 capituli
437 2621 639 2701 astringimus,
661 2615 741 2698 quod
764 2617 844 2680 nulla
866 2621 941 2697 iura,
963 2633 1056 2698 parua
1072 2619 1122 2676 aut
1136 2628 1256 2694 magna,
1276 2612 1306 2670 tn
1321 2603 1464 2690 predictis
1479 2605 1566 2670 bonta

179 2703 359 2782 recipiemus
382 2707 432 2764 aut
453 2707 642 2784 requiremus
665 2711 713 2766 set
734 2701 885 2785 predictos
908 2701 1014 2766 iratres
1039 2707 1069 2762 et
1089 2703 1223 2780 ipsorum
1239 2709 1438 2760 successores
1454 2689 1564 2754 ibidem

181 2783 378 2848 defendemus
402 2795 432 2849 et
466 2787 573 2852 nullam
595 2793 751 2869 iniuriam,
785 2796 928 2870 quantum
958 2805 1014 2871 pro
1043 2803 1136 2868 posse
1159 2787 1262 2846 nostre
1285 2795 1467 2860 possumus,
1500 2776 1564 2839 ilem

181 2875 396 2951 permittemus.
439 2873 484 2936 Ne
501 2881 599 2938 atatem
615 2894 706 2958 super
720 2875 890 2938 huiusmodi
905 2879 1060 2938 contractu
1075 2869 1262 2936 vendicionis
1278 2870 1436 2947 quisquam
1452 2863 1563 2926 duble-

180 2961 247 3018 tatts
269 2957 428 3038 serupulus
458 2964 489 3021 in
522 2968 675 3042 posterum
710 2981 727 3024 a
758 2979 908 3042 quoquam
932 2965 1115 3038 suscitetur,
1147 2959 1319 3038 presentem
1351 2955 1426 3034 ipsis
1459 2949 1564 3013 damus

179 3042 305 3106 litteram
328 3043 418 3128 sigilli
441 3051 536 3108 nostri
559 3053 589 3108 et
611 3046 729 3128 capituli
754 3053 847 3111 nostri
879 3049 968 3133 sigilli
998 3048 1158 3108 munimine
1179 3039 1359 3105 roboratam.
1403 3037 1510 3100 Datum
1533 3043 1565 3100 et

179 3136 276 3192 netum
298 3147 376 3192 anno
399 3129 509 3194 domini
532 3132 746 3212 nectunt„
779 3140 809 3198 in
832 3135 932 3218 vigilia
956 3139 1053 3196 sancii
1073 3129 1215 3206 Andree,
1247 3124 1436 3208 pontificatus
1469 3129 1564 3186 rvostri

179 3233 258 3278 anno
280 3219 386 3296 primo,
409 3215 575 3280 indiccione
597 3225 720 3301 quarta,
741 3228 890 3305 regnante
913 3223 1109 3286 serenissimo
1136 3213 1255 3280 donnino
1277 3211 1333 3294 ll,
1364 3212 1572 3292 aomanorum,

178 3320 264 3386 rege,
286 3303 493 3381 presentibus:
516 3303 698 3389 llanegeldo
720 3311 872 3389 preposito
894 3311 1023 3383 maiore,
1054 3299 1193 3365 Cunrade
1216 3305 1360 3378 cautere,
1392 3289 1563 3359 Hermanno

176 3385 214 3448 de
237 3386 404 3470 Sternberg
426 3396 579 3471 preposito
602 3396 673 3454 noui
696 3397 877 3470 monasterii,
901 3393 1034 3473 Symone
1057 3387 1095 3450 de
1119 3388 1244 3465 Slitese‚
1267 3382 1402 3460 Arneldo
1425 3382 1561 3464 custode,

176 3472 345 3536 Wernbero
377 3471 415 3535 de
449 3475 651 3560 Tanrrenberg
687 3476 918 3556 archidiacono,
951 3475 1071 3538 Lutelio
1105 3473 1146 3536 de'
1175 3468 1303 3535 Dassele
1339 3467 1560 3550 archidiacono,

174 3559 347 3623 llermanno
370 3557 408 3621 de
424 3560 572 3647 lllilberg,
595 3561 723 3626 Rudello
738 3563 910 3643 scolastico,
932 3563 1054 3644 prelatis
1077 3568 1107 3622 et
1122 3561 1274 3622 canonicis
1288 3555 1559 3637 herbipolensibus,

175 3645 266 3710 nobili
288 3650 351 3708 vtro
382 3645 523 3710 lleinrice
547 3653 656 3710 cernite
688 3646 727 3709 de
750 3647 889 3727 Castele,
919 3647 1059 3710 lleinrico
1082 3645 1215 3708 Woluolt
1247 3645 1413 3706 camerario
1446 3647 1560 3720 nosue,

176 3733 229 3796 As.
253 3731 291 3794 de
313 3731 425 3796 Linacb
446 3738 605 3815 pincerna,
635 3731 775 3795 Conrado
805 3733 842 3796 de
866 3732 1085 3797 Sickersbusen
1109 3729 1259 3814 dapilere,
1290 3725 1431 3790 Gennede
1452 3725 1559 3790 lloue-

177 3817 392 3899 scbultbeizen,
415 3817 452 3881 ad
475 3819 533 3882 boe
554 3822 669 3882 uocatis
692 3825 723 3880 et
743 3825 857 3902 rogatis
879 3819 1014 3884 testibus.

384 3991 452 4053 Duo
475 3989 574 4074 sigilla
596 3989 771 4072 appendent.
825 4016 831 4026 ·

386 4075 503 4168 liditum
525 4081 556 4142 in
577 4076 667 4143 libre:
681 4073 790 4168 'Frage
812 4078 851 4146 eb
872 4077 926 4150 der
947 4077 1041 4188 Abicit
1059 4072 1254 4236 Ebracpssepc.
1277 4091 1346 4160 pag.
1363 4070 1491 4202 2521tr.
1506 4071 1555 4144 tx.
