3922 4726
305 423 381 498 526*
878 419 1098 496 dionumenta
1232 441 1235 448 ·

306 629 484 697 contractu
521 617 675 694 eiusdem
712 618 927 696 vendicionis
973 623 1058 696 alias
1100 621 1266 696 coniectis
1305 621 1439 717 plenius
1472 619 1686 714 exprimitur,

307 723 394 820 epud
421 731 640 794 memoratum
659 731 863 794 conuentum
889 727 1064 814 reemerit,
1091 745 1136 794 ex
1161 733 1242 795 tunc
1267 721 1391 796 adnos
1408 729 1443 792 et
1458 739 1686 794 successores

306 834 448 896 nostros
476 823 528 894 ius
554 821 753 916 pristinum,
788 822 876 916 quod
903 825 938 896 in
964 821 1022 896 illa
1056 823 1252 911 babuimus,
1279 830 1483 898 reuertetur.
1536 817 1575 891 Si
1600 839 1686 890 vero

306 924 372 995 lucc
399 920 518 994 eadem
545 921 712 1016 reemptio
738 919 825 994 inira
853 921 1046 1020 deputatum
1072 945 1142 996 non
1167 925 1392 997 interuenerit
1416 922 1617 1008 terminum,
1642 939 1689 990 ex

253 1065 256 1072 ·
307 1035 387 1096 tunc
413 1020 517 1094 abbas
545 1031 580 1092 et
606 1031 795 1094 conuentus
823 1021 988 1119 sepedicti
1016 1047 1092 1096 curn
1119 1046 1238 1096 eorum
1265 1041 1470 1096 successura
1485 1021 1687 1116 posteritate

307 1121 494 1220 predictam
531 1119 750 1196 advocaciam
789 1141 865 1196 cnm
901 1124 1056 1200 omnibus
1092 1127 1165 1197 eius
1197 1125 1388 1198 attinenciis
1424 1129 1460 1192 et
1488 1117 1619 1212 juribus
1654 1121 1698 1190 in·

307 1221 494 1320 proprium,
520 1223 642 1316 quouis
670 1231 829 1296 cessante
856 1223 1073 1320 inpedimenti
1102 1221 1300 1311 obstaculo,
1332 1230 1498 1317 perpetuu
1524 1216 1689 1316 posside-

308 1321 401 1394 bunt.
469 1319 698 1394 Obsecromus
732 1325 846 1418 itaque
881 1322 1035 1396 abbatem
1074 1335 1109 1396 et
1143 1334 1347 1398 conuentum
1379 1319 1551 1417 predictos
1587 1328 1631 1390 et
1654 1319 1691 1390 in

308 1427 434 1495 virtute
461 1421 617 1494 altissimi
644 1431 895 1514 contestamur,
929 1435 1093 1520 quatenus
1121 1421 1164 1498 ob
1190 1423 1277 1496 banc
1303 1432 1422 1495 nostre
1455 1419 1690 1494 munificencie

310 1525 465 1618 gratiam,
492 1530 646 1594 nostrum
674 1521 835 1619 supplere
861 1536 981 1597 curent
1006 1525 1092 1621 apud
1118 1524 1218 1596 deum
1245 1525 1309 1620 piis
1329 1543 1448 1594 eorum
1471 1516 1689 1592 oracionibus

309 1619 545 1720 inperfectum.
597 1619 643 1694 Vt
669 1634 781 1706 autem
807 1621 872 1710 bec
898 1623 1043 1699 donacio
1072 1634 1189 1701 nostra
1223 1632 1429 1720 perpetuum
1446 1619 1554 1696 robur
1580 1618 1690 1693 mmi-

311 1725 390 1795 tatis
425 1720 600 1813 obtinent,
634 1732 830 1820 presentem
863 1719 1010 1798 litteram
1045 1725 1155 1798 eidem
1181 1722 1454 1822 hatlspruunensi
1480 1720 1690 1801 manasterio

311 1821 477 1910 dedimus,
505 1821 611 1916 sigilli
637 1825 747 1896 nostri
763 1827 962 1918 ¹patrocinio
990 1829 1226 1901 conmunitum.
1253 1823 1378 1897 Actum
1404 1831 1439 1892 et
1464 1820 1574 1908 danum
1596 1819 1691 1892 ller-

310 1921 415 2018 hipoli
442 1943 531 1993 anno
557 1921 684 1994 domini
699 1921 917 1998 utcotxxx
941 1929 1066 2023 primo,
1090 1948 1181 2000 nouo
1204 1921 1366 1998 kalendas
1382 1921 1572 2011 Februarii,
1598 1941 1691 2016 pott-

312 2021 457 2096 tilicatus
483 2025 592 2125 nostri
619 2044 707 2096 anno
735 2027 892 2122 septimo.
1241 2083 1245 2094 .
1310 2079 1311 2086 κ

521 2190 681 2274 Appendet
703 2194 842 2278 sigillum.

914 2481 1094 2611 cnmvr.

771 2691 861 2755 Anno
885 2687 987 2770 test,
1010 2687 1039 2752 5.
1063 2686 1225 2753 Februarii.

314 2876 497 2950 Bertmdm
530 2875 783 2971 herbipolensis
817 2878 1001 2970 episcopus
1035 2877 1249 2949 universitati
1287 2875 1493 2949 ludaeorum
1524 2869 1693 2972 herbipo-

317 2977 476 3066 lensium,
501 2999 588 3071 quue
616 2974 681 3046 sibi
705 2975 747 3046 ad
773 2994 940 3070 praesens
965 2977 999 3046 in
1025 2975 1120 3048 mille
1144 2988 1180 3049 et
1197 2976 1349 3049 ducentis
1374 2975 1469 3048 libris
1491 2973 1694 3046 hallensium

319 3087 442 3168 sponte
477 3077 644 3164 servivit,
673 3093 854 3147 consensu
883 3075 1134 3172 capituli''laoit
1166 3081 1330 3172 gratiam,
1365 3075 1454 3172 quod
1487 3071 1695 3172 perdecem
1734 3121 1741 3143 ,

83 3211 85 3216 v
317 3197 426 3250 annos
442 3185 626 3270 sequentes
654 3173 718 3246 sibi
744 3176 1055 3249 etsucoeesoribus
1083 3182 1153 3252 suis
1181 3175 1325 3270 singulis
1353 3181 1449 3249 annis
1476 3180 1510 3248 iu
1537 3175 1627 3247 lesto
1655 3172 1692 3246 S.

506 3275 650 3390 ⁴lllartini
675 3283 802 3351 tuntum
827 3278 867 3347 in·
883 3275 978 3348 mille
1002 3276 1098 3351 libris
1124 3275 1327 3350 hallensium
1352 3278 1492 3349 serviat.

384 3427 387 3435 '
417 3416 667 3492 Bertoldus
695 3417 748 3492 dei
775 3423 884 3516 gratia
909 3416 1161 3518 herbipolensis
1188 3416 1378 3520 episcopus.
1396 3432 1518 3501 tenore
1543 3441 1694 3516 presen-

319 3523 398 3592 tium
434 3521 719 3614 recognoscimus
752 3517 888 3618 publice
932 3533 965 3596 et
999 3522 1041 3593 ed
1073 3527 1231 3601 noticiam
1263 3527 1502 3601 voluersorum
1536 3519 1695 3596 volumus

319 3621 515 3719 peruenire,
542 3619 633 3718 quod
659 3641 732 3690 cum
759 3621 965 3698 vniuersitus
984 3622 1226 3711 iudeorum
1252 3635 1448 3700 nostrorum
1469 3619 1695 3718 herbipolen-

320 3713 407 3794 sium
441 3717 540 3792 nobis
578 3719 619 3792 ad
652 3743 798 3816 presens
831 3723 867 3794 in
899 3725 1116 3798 necessitatis
1150 3723 1304 3819 articulo¹
1330 3725 1521 3799 constitutis
1555 3731 1695 3818 propter

323 3820 440 3914 grauia
466 3839 572 3892 onera
599 3817 786 3895 debitorum
812 3833 1009 3899 nostrorum
1035 3825 1071 3898 in
1093 3823 1192 3899 mille
1214 3821 1311 3900 libris
1337 3823 1602 3897 ballensium.et
1625 3821 1695 3897 du·-

320 3919 430 3992 centis
455 3917 551 4023 libris
576 3921 780 3996 ballensium
814 3921 1001 3998 liberaliter
1034 3927 1216 4009 servierint
1249 3935 1348 4020 atque
1382 3933 1525 4022 sponte,
1560 3943 1626 3998 nos
1660 3925 1695 4010 in

320 4027 572 4116 recompensam
600 4023 825 4098 seruioiorum
850 4019 1041 4102 huiusmodi
1074 4029 1142 4133 iem
1168 4025 1264 4102 dictis
1280 4023 1450 4123 ¹Judeis
1476 4023 1579 4101 talem
1604 4022 1695 4103 luvi-
