3836 4722
616 469 832 560 episcopatus
860 463 1152 558 wirciburgensis.
1518 466 1569 540 ts

181 663 304 736 nilinus
329 662 546 738 scolasticus.
579 662 800 756 linuntgas
828 663 1027 736 celerarius.
1052 662 1171 736 (inimo
1197 667 1424 758 portenarius.
1452 666 1568 738 (iste-

180 763 304 836 boldns
340 766 554 858 purgrsuius.
605 763 700 858 Popo
734 761 935 836 filiuseius.
988 761 1192 836 ludowicus
1218 763 1260 836 de
1286 763 1567 840 Franchenslein.

180 861 396 935 Goleboldus
423 862 466 932 de
490 861 741 934 Henninberoh.
778 862 858 934 Otto
884 861 928 934 de
952 863 1209 955 Wigershusin.
1255 862 1427 938 lleroldus
1462 868 1568 938 vice-

26 1001 27 1010 *
180 963 349 1036 dominus.
385 961 541 1034 Pillunob
563 963 740 1038 scultetus.
788 961 878 1034 Otto.
923 961 1132 1036 Obinradus.
1174 962 1367 1036 Heinricus.
1412 964 1566 1056 iringus.

26 1081 27 1156 ζ
178 1062 338 1136 llereldr.
365 1061 581 1150 Ludiunicus,
608 1071 642 1134 et
669 1063 726 1133 alii
752 1083 852 1155 moin
875 1061 1014 1157 plnres:

281 1165 372 1234 Acta
397 1172 477 1234 sant
501 1160 564 1252 heo
590 1181 680 1233 anno
698 1161 866 1250 doniniop
880 1165 1124 1238 incarnationis
1140 1161 1326 1235 millesimo
1342 1165 1531 1234 centesimo
1540 1161 1567 1253 ¹)

182 1267 358 1336 tricesimo
383 1260 496 1334 vnn..
522 1259 707 1334 indictione
732 1261 1009 1354 insegnano
1034 1259 1444 1334 Lotbrriollonsnomm
1468 1283 1568 1356 rege

184 1361 401 1435 Gotheboldo
428 1364 624 1455 permenio.

355 1543 379 1621 1)
402 1543 564 1622 Verbum,
565 1545 764 1622 ,οιιιιοιιιιιο“
780 1549 971 1624 sposteriori
991 1561 1089 1620 mersu,
1106 1552 1138 1606 ut
1160 1542 1288 1624 videtur,
1304 1544 1342 1608 ud
1355 1547 1498 1626 scriptum
1510 1551 1567 1606 est.

398 1655 535 1738 Sigillum
565 1660 745 1736 impressum
776 1663 805 1716 el
836 1661 946 1737 optimc
970 1664 1198 1734 conservatum,
1238 1660 1413 1738 episcopum
1446 1655 1569 1719 exhibet

394 1741 568 1819 sedentem,
600 1741 705 1802 dextra
728 1739 855 1824 pedmn,
878 1746 996 1804 sinistro
1025 1742 1130 1804 llbrum
1154 1759 1230 1804 evan
1256 1742 1381 1804 eliorum
1404 1749 1569 1819 tenentem,

394 1830 680 1907 cuminscrlptlone:
704 1825 919 1901 †Ellllllb'll0.
939 1827 1013 1890 list.
1033 1827 1120 1888 utin.
1134 1761 1569 1890 wiflzhvsusrifflsniss.

792 2183 959 2260 LXXXV.

772 2353 861 2418 Anno
890 2348 981 2416 1139.

185 2483 367 2556 Errrbricho
404 2487 586 2580 episcopus
621 2487 718 2555 cives
745 2483 788 2554 de
824 2481 1075 2555 Gelteresheirn
1101 2491 1135 2553 et
1160 2481 1332 2554 Romveld
1366 2481 1407 2552 de
1435 2485 1570 2576 pascuis

583 2667 588 2676 ¹
700 2585 874 2676 litigantes
898 2581 1063 2679 pacibcut.

284 2745 328 2818 ιιι
352 2749 490 2822 nomine
518 2755 634 2838 sancto
668 2755 703 2814 et
736 2743 903 2836 indiuiduo
939 2745 1110 2819 trinitatis.
1162 2741 1400 2817 Embrioho
1434 2739 1572 2813 Wirni-

184 2844 406 2940 burgensium
437 2847 630 2941 episcopus.
672 2845 946 2940 Dispensationis
972 2841 1072 2918 nobis
1099 2841 1226 2936 credite
1251 2845 1385 2918 iusticia
1410 2841 1574 2936 postulet,

185 2955 220 3018 ιιι
245 2969 320 3019 non
346 2945 459 3020 solum
482 2948 616 3019 melosa
638 2942 760 3019 iudicio
786 2943 1013 3035 succisurus,
1031 2965 1153 3018 uerum
1178 2948 1279 3019 etism
1303 2943 1466 3036 uulgares
1493 2941 1572 3014 lites

185 3056 219 3118 el
247 3049 490 3123 contentiones
524 3045 568 3118 au
599 3065 719 3140 penem
751 3054 787 3116 et
819 3049 968 3138 quietem
998 3043 1190 3120 reformans
1217 3043 1423 3120 studeamus.
1474 3040 1574 3116 Vnde

184 3149 319 3220 macris
334 3144 461 3223 Christi
484 3144 640 3221 fidelibus
666 3154 734 3218 tom
759 3143 880 3218 suturis
906 3166 1005 3240 quam
1030 3143 1246 3239 presentibus
1271 3154 1390 3218 notum
1417 3142 1574 3230 lechnus,

180 3245 336 3364 qualiter
359 3248 455 3321 ciues
472 3243 864 3320 dsGeltensshoim
889 3244 986 3318 etde
1004 3244 1223 3320 Romueld
1249 3244 1443 3340 depassus
1459 3245 1572 3315 mter-

185 3347 331 3418 ioosntts
358 3343 488 3440 psludis
516 3345 571 3418 diu
596 3347 687 3416 inter
713 3366 753 3417 ee
781 3344 966 3438 litigantes,
994 3344 1152 3436 cedibus,
1186 3347 1336 3440 rapinis
1362 3338 1573 3428 uulneribus,

181 3444 355 3520 incendiis
405 3445 544 3521 multum
585 3443 815 3538 disceptantes
849 3443 916 3519 boc
952 3445 1054 3519 modo
1087 3443 1337 3540 pmcibcauimus
1372 3451 1496 3536 rogoin
1539 3449 1574 3510 et

187 3545 333 3621 obtentu
356 3543 528 3621 karissimi
553 3547 662 3618 nostri
688 3544 927 3636 Wignandi
953 3544 1166 3622 tharisiensis
1190 3544 1326 3636 cenobii
1342 3541 1484 3630 abbatis,
1506 3561 1573 3634 quo

184 3643 401 3718 Romueld
426 3647 593 3739 pertinet,
628 3653 663 3716 et
686 3644 834 3719 oonsilio
860 3644 1082 3739 plurimorum
1105 3647 1251 3736 ecclesie
1277 3653 1394 3733 nostre
1426 3639 1575 3715 bdelium

187 3743 373 3839 predictam
398 3743 556 3838 pobrdem
581 3747 634 3819 sic
660 3742 763 3814 diuidi
788 3744 953 3835 lesionis,
985 3756 1021 3818 ut
1046 3748 1157 3822 ssinor
1180 3767 1260 3840 pars
1286 3743 1329 3816 od
1356 3741 1573 3816 Tharisse

187 3847 374 3940 pertinent,
414 3854 450 3916 et
472 3842 671 3919 interfluens
697 3846 808 3918 amnis
834 3843 932 3918 buius
959 3845 1136 3922 diuisionls
1163 3846 1344 3926 torminum
1368 3843 1492 3932 locist,
1528 3863 1574 3919 ne

188 3947 424 4040 inperpetuum
447 3943 561 4037 οιιφιιι
586 3943 711 4019 seditio
738 3944 881 4038 emplius
908 3944 988 4021 inde
1011 3949 1199 4039 proueniat.
1247 3944 1294 4016 ιιι
1329 3943 1393 4032 hac
1418 3941 1574 4019 disiunc-

188 4047 284 4118 tione
310 4046 485 4136 uuiusqoe
524 4047 629 4138 partis
667 4041 825 4119 adnooau
858 4067 976 4122 comes
1010 4045 1143 4119 scilicet
1174 4044 1347 4139 Rapoto
1386 4053 1424 4118 ot
1456 4065 1574 4118 comes

216 4193 269 4234 non.
283 4191 337 4231 sore.
352 4193 394 4232 ror.
410 4193 495 4232 xrxun.
510 4201 555 4232 nn.
570 4193 616 4234 ιιιι.
632 4193 653 4232 ι.
1219 4145 1240 4210 7
