3794 4722
520 597 525 604 Ι
629 431 847 580 macutus
870 477 1166 579 manaremus.
1512 481 1579 558 111

816 905 970 984 cxxvi.
1026 889 1028 894 7

791 1107 878 1176 nmo
902 1105 994 1176 1180.

202 1291 335 1368 iudeus
370 1292 503 1390 qnidam
542 1291 586 1366 de
617 1293 837 1368 Retenboroh
862 1315 990 1388 meam,
1021 1315 1121 1394 qoam
1151 1294 1194 1369 ab
1214 1291 1422 1368 Ekkehardo
1448 1291 1584 1368 Gomite

270 1391 342 1514 filio
363 1393 516 1492 Bidlungi
542 1392 678 1469 sculteti
704 1403 852 1488 emerat,
879 1396 1051 1471 ecelesiae
1074 1393 1349 1490 wirceburgensi
1365 1392 1515 1490 detegat

306 1560 346 1635 G.
396 1559 435 1636 ta
458 1563 600 1636 nomine
623 1572 739 1656 sanate
764 1571 800 1636 et
822 1560 991 1655 indiuiduo
1017 1564 1187 1640 trinitatis.
1223 1562 1348 1639 Notum
1364 1567 1411 1642 sit
1427 1563 1584 1640 omnibus

202 1669 275 1734 hm
298 1665 470 1758 presentis
495 1684 594 1757 qoam
619 1662 823 1760 postfuturi
848 1665 915 1754 eui.
928 1661 1096 1752 tidalidus,
1121 1661 1212 1762 qood
1230 1663 1359 1742 Judeus
1381 1664 1514 1762 quidm
1538 1664 1584 1739 de

203 1760 417 1854 unumne,
442 1759 610 1836 Samuel
635 1761 831 1860 Bisooph
856 1765 1014 1855 nomine,
1038 1785 1155 1838 aream
1180 1764 1347 1863 quondm
1372 1765 1583 1840 adiacentem

205 1860 1191 1958 mnipBillungieoultatdabEkohm-dodomitu,
1215 1863 1584 1964 ilioipsiusBillungt,

205 1962 309 2036 simul
346 1981 423 2036 eom
456 1960 595 2055 edifioiis
628 1985 691 2059 pro
725 1972 860 2036 eentum
893 1965 1019 2038 mareis
1053 1966 1135 2038 emit
1165 1973 1201 2038 et
1230 1987 1295 2064 pon
1326 1987 1447 2042 manos
1480 1966 1583 2041 sule-

204 2083 406 2138 manuomm
427 2083 579 2154 suorum,
604 2083 746 2158 quorum
770 2061 869 2136 fldem
894 2065 935 2136 in
953 2062 1022 2138 hoe
1045 2073 1222 2140 eontraetu
1246 2069 1323 2164 ipso
1349 2075 1490 2164 sequtus
1516 2077 1583 2158 est,

204 2161 351 2236 eandem
383 2183 500 2236 aream
531 2163 632 2238 simol
665 2185 742 2236 oum
773 2161 933 2255 edfleda,
969 2185 1033 2260 qup
1066 2163 1168 2239 modo
1201 2169 1337 2263 inipso
1362 2165 1583 2242 euntueiin

203 2273 382 2360 posterum
406 2265 442 2336 in
467 2261 607 2336 eodeni
632 2273 795 2360 possunt,
833 2261 877 2336 ad
900 2261 1010 2336 altene
1032 2267 1184 2360 preciosi
1208 2269 1357 2342 martiris
1382 2265 1520 2364 Kyliaui
1546 2277 1583 2339 et

204 2365 382 2438 sotiorum
407 2366 481 2438 eius
502 2362 660 2457 ¹legitime
685 2361 878 2458 delegatam
903 2361 1116 2456 contradidit,
1140 2363 1205 2439 hae
1229 2365 1392 2440 tonum
1416 2365 1519 2461 lege,
1544 2376 1584 2438 vt

203 2473 276 2536 tem
300 2465 376 2559 ipse
400 2485 499 2559 quem
523 2461 671 2538 heredes
697 2466 751 2538 eui
774 2461 833 2538 uel
850 2461 894 2538 ad
907 2485 1152 2560 mendumque
1168 2468 1437 2562 prenominatam
1453 2466 1582 2536 entiam

203 2561 421 2660 aupnuoos
445 2561 574 2637 Judeus
599 2563 789 2638 mansione
811 2563 974 2656 uoluerit,
998 2567 1033 2638 iu
1057 2563 1149 2639 festo
1180 2567 1290 2640 saneti
1314 2563 1454 2663 Kyliaui
1477 2559 1580 2636 vitto·

203 2672 396 2738 nummatas
422 2661 512 2756 uerp'
526 2665 624 2738 annis
649 2663 797 2758 singuiis
821 2663 999 2760 persoluat
1023 2673 1061 2738 et
1085 2667 1138 2738 sio
1161 2664 1306 2738 eandem
1321 2667 1449 2739 coriam
1468 2665 1584 2760 quiete

204 2773 245 2838 et
268 2765 346 2838 aine
377 2767 470 2836 omni
495 2763 737 2840 molestatione
761 2767 900 2838 nomine
925 2763 1072 2858 poodeaip
1097 2764 1297 2862 possideat,
1334 2775 1370 2838 et
1406 2765 1482 2841 siue
1505 2766 1582 2860 ipse

204 2885 285 2938 eam
310 2861 497 2938 mhabitare
522 2864 725 2939 attentioni
750 2863 792 2937 od
817 2862 1065 2940 inhabitandum
1088 2865 1208 2940 locare
1232 2865 1403 2956 uoluerit,
1438 2861 1583 2940 liberum

203 2973 413 3062 potestatem
435 2962 504 3036 hoo
526 2963 672 3040 taoieudi
697 2961 833 3056 habat,
858 2963 936 3038 dom
959 2974 1074 3039 tamen
1088 2965 1237 3060 eoelesip
1253 2987 1364 3040 eonon
1378 2967 1586 3039 constitutus

203 3063 372 3140 soluatur.
424 3064 533 3152 Quum
570 3074 681 3137 autem
716 3067 811 3137 ouria
841 3067 1089 3162 sepenominuti
1119 3063 1345 3139 Ekehardi
1379 3063 1458 3136 hoio
1490 3087 1582 3138 ooo·

204 3168 335 3238 tinuata
357 3162 440 3257 tuit,
464 3163 724 3259 diligentissima
749 3165 1055 3260 oiuoumspeotioue
1079 3175 1242 3262 presente
1267 3165 1403 3240 Gotei
1408 3162 1505 3237 nido
1532 3163 1582 3236 de

205 3262 458 3356 Cretheia,
476 3263 1173 3362 quitanoportonariustmt‚ttoinrtoo
1191 3265 1353 3357 soulteto,
1377 3263 1581 3338 Heroldo

206 3363 951 3457 meramofflornonnowtttuotdo,
974 3364 1391 3456 fleleuudieodlbo,
1418 3361 1582 3436 Ottona

206 3474 244 3538 et
268 3463 373 3538 nano
399 3486 463 3540 suo
489 3465 672 3540 Annene
696 3487 773 3539 oum
797 3465 973 3540 uoluntate
998 3467 1173 3563 utriusque
1197 3467 1304 3564 partis
1330 3467 1382 3541 sie
1406 3464 1499 3555 curie
1523 3462 1581 3556 illp

206 3565 363 3659 distinete
387 3565 536 3656 fuerunt,
561 3575 599 3638 ut
621 3565 750 3642 Jodeus
775 3589 795 3639 a
819 3564 887 3639 tine
912 3567 1076 3660 caminate
1102 3587 1163 3660 sue
1187 3587 1297 3664 usque
1323 3563 1366 3638 ad
1391 3565 1581 3662 proximum

208 3668 407 3740 caminatam
433 3663 641 3740 adiacentem
673 3665 797 3741 haheat
843 3675 1026 3740 otestatom
1051 3663 1228 3741 edificandi
1253 3664 1398 3762 qualiter
1420 3662 1582 3757 uoluerit,

207 3768 256 3839 ita
280 3774 392 3839 tamen
418 3763 508 3861 quod
532 3765 704 3840 stillicidia
720 3768 774 3842 sui
789 3688 911 3840 admoti
926 3787 1041 3840 aream
1057 3765 1200 3865 predioti
1213 3762 1437 3840 Ekehardi
1461 3762 1580 3838 uulla-

207 3875 309 3941 tenus
343 3875 502 3963 tangant,
536 3886 604 3940 neo
635 3865 807 3942 stillicidio
830 3864 1056 3940 Ekedendi
1088 3887 1204 3942 eneam
1236 3863 1336 3940 dodoi
1366 3864 1579 3962 aliquetenus

208 3968 393 4147 tutu
414 3964 552 4147 tiu
570 3965 1074 4145 tutonem
1098 3963 1301 4163 utto
1317 3962 1581 4162 sonunt
