<?xml version="1.0" encoding="UTF-8"?>
<!DOCTYPE html PUBLIC "-//W3C//DTD XHTML 1.0 Transitional//EN"
    "http://www.w3.org/TR/xhtml1/DTD/xhtml1-transitional.dtd">
<html xmlns="http://www.w3.org/1999/xhtml" xml:lang="en" lang="en">
 <head>
  <title>
</title>
<meta http-equiv="Content-Type" content="text/html;charset=utf-8" />
  <meta name='ocr-system' content='tesseract 3.04.00' />
  <meta name='ocr-capabilities' content='ocr_page ocr_carea ocr_par ocr_line ocrx_word'/>
</head>
<body>
  <div class='ocr_page' id='page_1' title='image "./monumentaboica00karagoog_0273.png"; bbox 0 0 3768 4728; ppageno 0'>
   <div class='ocr_carea' id='block_1_1' title="bbox 594 431 1543 562">
    <p class='ocr_par' dir='ltr' id='par_1_1' title="bbox 594 431 1543 562">
     <span class='ocr_line' id='line_1_1' title="bbox 594 431 1543 562; baseline 0.002 -26"><span class='ocrx_word' id='word_1_1' title='bbox 594 431 809 562; x_wconf 81' lang='lat' dir='ltr'><strong>episcopatus</strong></span> <span class='ocrx_word' id='word_1_2' title='bbox 837 466 1125 560; x_wconf 79' lang='lat' dir='ltr'><strong>trinniburgensls.</strong></span> <span class='ocrx_word' id='word_1_3' title='bbox 1476 467 1543 540; x_wconf 83' lang='lat'><strong>261</strong></span> 
     </span>
    </p>
   </div>
   <div class='ocr_carea' id='block_1_2' title="bbox 62 661 1556 4161">
    <p class='ocr_par' dir='ltr' id='par_1_2' title="bbox 62 661 1556 4161">
     <span class='ocr_line' id='line_1_2' title="bbox 180 661 1549 744; baseline 0.001 -19"><span class='ocrx_word' id='word_1_4' title='bbox 180 680 245 725; x_wconf 87' lang='lat' dir='ltr'><strong>cum</strong></span> <span class='ocrx_word' id='word_1_5' title='bbox 266 661 441 742; x_wconf 86' lang='lat' dir='ltr'><strong>quibusdam</strong></span> <span class='ocrx_word' id='word_1_6' title='bbox 464 661 529 728; x_wconf 84' lang='lat' dir='ltr'><strong>allis</strong></span> <span class='ocrx_word' id='word_1_7' title='bbox 560 664 647 728; x_wconf 89' lang='lat' dir='ltr'><strong>bonis</strong></span> <span class='ocrx_word' id='word_1_8' title='bbox 668 664 796 744; x_wconf 91' lang='lat' dir='ltr'><strong>ibidem,</strong></span> <span class='ocrx_word' id='word_1_9' title='bbox 830 665 886 728; x_wconf 89' lang='lat' dir='ltr'><strong>sub</strong></span> <span class='ocrx_word' id='word_1_10' title='bbox 916 673 1017 730; x_wconf 85' lang='lat' dir='ltr'><strong>castro</strong></span> <span class='ocrx_word' id='word_1_11' title='bbox 1048 663 1261 730; x_wconf 87' lang='lat' dir='ltr'><strong>Botcnldbe</strong></span> <span class='ocrx_word' id='word_1_12' title='bbox 1281 661 1306 740; x_wconf 87' lang='lat'><strong>¹)</strong></span> <span class='ocrx_word' id='word_1_13' title='bbox 1339 665 1549 742; x_wconf 84' lang='lat' dir='ltr'><strong>molendinum,</strong></span> 
     </span>
     <span class='ocr_line' id='line_1_3' title="bbox 182 745 1550 834; baseline 0.002 -24"><span class='ocrx_word' id='word_1_14' title='bbox 182 745 455 830; x_wconf 86' lang='lat' dir='ltr'><strong>Gunterstorpl</strong></span> <span class='ocrx_word' id='word_1_15' title='bbox 470 745 512 823; x_wconf 93' lang='lat'><strong>¹¹)</strong></span> <span class='ocrx_word' id='word_1_16' title='bbox 533 749 683 828; x_wconf 86' lang='lat' dir='ltr'><strong>rillatota,</strong></span> <span class='ocrx_word' id='word_1_17' title='bbox 699 755 790 814; x_wconf 86' lang='lat' dir='ltr'><strong>uince</strong></span> <span class='ocrx_word' id='word_1_18' title='bbox 806 751 862 814; x_wconf 92' lang='lat' dir='ltr'><strong>sub</strong></span> <span class='ocrx_word' id='word_1_19' title='bbox 877 758 977 815; x_wconf 90' lang='lat' dir='ltr'><strong>castro</strong></span> <span class='ocrx_word' id='word_1_20' title='bbox 991 750 1226 814; x_wconf 87' lang='lat' dir='ltr'><strong>Botenldben</strong></span> <span class='ocrx_word' id='word_1_21' title='bbox 1244 749 1270 825; x_wconf 85' lang='lat'><strong>¹)</strong></span> <span class='ocrx_word' id='word_1_22' title='bbox 1293 748 1417 812; x_wconf 75' lang='lat' dir='ltr'><strong>ndXL¹··</strong></span> <span class='ocrx_word' id='word_1_23' title='bbox 1432 755 1550 834; x_wconf 82' lang='lat' dir='ltr'><strong>iugera,</strong></span> 
     </span>
     <span class='ocr_line' id='line_1_4' title="bbox 179 832 1551 920; baseline 0.001 -24"><span class='ocrx_word' id='word_1_24' title='bbox 179 838 266 898; x_wconf 71' lang='lat' dir='ltr'><strong>duee</strong></span> <span class='ocrx_word' id='word_1_25' title='bbox 288 837 319 896; x_wconf 94' lang='lat' dir='ltr'><strong>ln</strong></span> <span class='ocrx_word' id='word_1_26' title='bbox 342 832 513 914; x_wconf 88' lang='lat' dir='ltr'><strong>Stapbel,</strong></span> <span class='ocrx_word' id='word_1_27' title='bbox 533 837 564 896; x_wconf 92' lang='lat' dir='ltr'><strong>iu</strong></span> <span class='ocrx_word' id='word_1_28' title='bbox 584 834 809 920; x_wconf 83' lang='lat' dir='ltr'><strong>Nutellngin</strong></span> <span class='ocrx_word' id='word_1_29' title='bbox 826 833 868 914; x_wconf 83' lang='grc'><strong>11)</strong></span> <span class='ocrx_word' id='word_1_30' title='bbox 888 837 1015 918; x_wconf 88' lang='lat' dir='ltr'><strong>quedam</strong></span> <span class='ocrx_word' id='word_1_31' title='bbox 1037 836 1125 914; x_wconf 85' lang='lat' dir='ltr'><strong>bona,</strong></span> <span class='ocrx_word' id='word_1_32' title='bbox 1147 841 1177 899; x_wconf 91' lang='lat' dir='ltr'><strong>in</strong></span> <span class='ocrx_word' id='word_1_33' title='bbox 1200 833 1551 918; x_wconf 81' lang='lat' dir='ltr'><strong>Hilteburgehusln</strong></span> 
     </span>
     <span class='ocr_line' id='line_1_5' title="bbox 180 917 1550 1000; baseline 0.001 -19"><span class='ocrx_word' id='word_1_34' title='bbox 180 918 305 1000; x_wconf 82' lang='lat' dir='ltr'><strong>quedem</strong></span> <span class='ocrx_word' id='word_1_35' title='bbox 326 917 404 980; x_wconf 84' lang='lat' dir='ltr'><strong>bona</strong></span> <span class='ocrx_word' id='word_1_36' title='bbox 426 925 457 979; x_wconf 92' lang='lat' dir='ltr'><strong>ct</strong></span> <span class='ocrx_word' id='word_1_37' title='bbox 478 917 615 982; x_wconf 88' lang='lat' dir='ltr'><strong>omnibus</strong></span> <span class='ocrx_word' id='word_1_38' title='bbox 638 922 686 982; x_wconf 90' lang='lat' dir='ltr'><strong>alii</strong></span> <span class='ocrx_word' id='word_1_39' title='bbox 705 927 786 984; x_wconf 89' lang='lat' dir='ltr'><strong>inlus</strong></span> <span class='ocrx_word' id='word_1_40' title='bbox 808 930 840 984; x_wconf 90' lang='lat' dir='ltr'><strong>ot</strong></span> <span class='ocrx_word' id='word_1_41' title='bbox 860 923 899 984; x_wconf 93' lang='lat' dir='ltr'><strong>de</strong></span> <span class='ocrx_word' id='word_1_42' title='bbox 921 923 995 986; x_wconf 89' lang='lat' dir='ltr'><strong>loris</strong></span> <span class='ocrx_word' id='word_1_43' title='bbox 1018 923 1114 984; x_wconf 88' lang='lat' dir='ltr'><strong>eidem</strong></span> <span class='ocrx_word' id='word_1_44' title='bbox 1137 928 1238 985; x_wconf 89' lang='lat' dir='ltr'><strong>cestro</strong></span> <span class='ocrx_word' id='word_1_45' title='bbox 1266 937 1305 980; x_wconf 89' lang='lat' dir='ltr'><strong>ex</strong></span> <span class='ocrx_word' id='word_1_46' title='bbox 1331 924 1451 998; x_wconf 87' lang='lat' dir='ltr'><strong>antiquo</strong></span> <span class='ocrx_word' id='word_1_47' title='bbox 1474 939 1550 1000; x_wconf 89' lang='lat' dir='ltr'><strong>per-</strong></span> 
     </span>
     <span class='ocr_line' id='line_1_6' title="bbox 62 1001 1550 1092; baseline 0.001 -26"><span class='ocrx_word' id='word_1_48' title='bbox 62 1067 66 1081; x_wconf 77' lang='grc'><strong>,</strong></span> <span class='ocrx_word' id='word_1_49' title='bbox 180 1001 335 1066; x_wconf 88' lang='lat' dir='ltr'><strong>liuentibus</strong></span> <span class='ocrx_word' id='word_1_50' title='bbox 358 1020 412 1083; x_wconf 93' lang='lat' dir='ltr'><strong>pro</strong></span> <span class='ocrx_word' id='word_1_51' title='bbox 434 1004 514 1066; x_wconf 91' lang='lat' dir='ltr'><strong>mille</strong></span> <span class='ocrx_word' id='word_1_52' title='bbox 536 1003 671 1068; x_wconf 91' lang='lat' dir='ltr'><strong>ducentis</strong></span> <span class='ocrx_word' id='word_1_53' title='bbox 693 1013 801 1070; x_wconf 86' lang='lat' dir='ltr'><strong>marcis</strong></span> <span class='ocrx_word' id='word_1_54' title='bbox 823 1013 957 1092; x_wconf 75' lang='lat' dir='ltr'><strong>argenti,</strong></span> <span class='ocrx_word' id='word_1_55' title='bbox 984 1025 1040 1090; x_wconf 88' lang='lat' dir='ltr'><strong>pro</strong></span> <span class='ocrx_word' id='word_1_56' title='bbox 1068 1007 1175 1088; x_wconf 84' lang='lat' dir='ltr'><strong>quibus</strong></span> <span class='ocrx_word' id='word_1_57' title='bbox 1206 1003 1341 1068; x_wconf 89' lang='lat' dir='ltr'><strong>redditus</strong></span> <span class='ocrx_word' id='word_1_58' title='bbox 1362 1007 1550 1086; x_wconf 76' lang='lat' dir='ltr'><strong>episcopales</strong></span> 
     </span>
     <span class='ocr_line' id='line_1_7' title="bbox 178 1089 1550 1176; baseline 0.001 -26"><span class='ocrx_word' id='word_1_59' title='bbox 178 1089 301 1152; x_wconf 79' lang='lat' dir='ltr'><strong>inferius</strong></span> <span class='ocrx_word' id='word_1_60' title='bbox 325 1105 489 1169; x_wconf 87' lang='lat' dir='ltr'><strong>expressos</strong></span> <span class='ocrx_word' id='word_1_61' title='bbox 511 1091 566 1154; x_wconf 89' lang='lat' dir='ltr'><strong>sub</strong></span> <span class='ocrx_word' id='word_1_62' title='bbox 589 1091 684 1154; x_wconf 88' lang='lat' dir='ltr'><strong>lorma</strong></span> <span class='ocrx_word' id='word_1_63' title='bbox 705 1091 839 1156; x_wconf 88' lang='lat' dir='ltr'><strong>adiuncta</strong></span> <span class='ocrx_word' id='word_1_64' title='bbox 861 1099 1049 1176; x_wconf 78' lang='lat' dir='ltr'><strong>recepimus,</strong></span> <span class='ocrx_word' id='word_1_65' title='bbox 1073 1093 1192 1156; x_wconf 87' lang='lat' dir='ltr'><strong>domino</strong></span> <span class='ocrx_word' id='word_1_66' title='bbox 1213 1091 1419 1154; x_wconf 77' lang='lat' dir='ltr'><strong>Hermanno</strong></span> <span class='ocrx_word' id='word_1_67' title='bbox 1452 1109 1550 1152; x_wconf 88' lang='lat' dir='ltr'><strong>vene-</strong></span> 
     </span>
     <span class='ocr_line' id='line_1_8' title="bbox 178 1173 1550 1261; baseline 0.001 -25"><span class='ocrx_word' id='word_1_68' title='bbox 178 1173 259 1237; x_wconf 88' lang='lat' dir='ltr'><strong>rabili</strong></span> <span class='ocrx_word' id='word_1_69' title='bbox 282 1177 425 1256; x_wconf 90' lang='lat' dir='ltr'><strong>episcopo</strong></span> <span class='ocrx_word' id='word_1_70' title='bbox 447 1181 479 1237; x_wconf 89' lang='lat' dir='ltr'><strong>et</strong></span> <span class='ocrx_word' id='word_1_71' title='bbox 508 1177 639 1240; x_wconf 87' lang='lat' dir='ltr'><strong>ecclesie</strong></span> <span class='ocrx_word' id='word_1_72' title='bbox 672 1177 873 1260; x_wconf 71' lang='lat' dir='ltr'><strong>herbipolen!</strong></span> <span class='ocrx_word' id='word_1_73' title='bbox 903 1197 996 1261; x_wconf 89' lang='lat' dir='ltr'><strong>super</strong></span> <span class='ocrx_word' id='word_1_74' title='bbox 1027 1179 1170 1259; x_wconf 87' lang='lat' dir='ltr'><strong>reliquias</strong></span> <span class='ocrx_word' id='word_1_75' title='bbox 1198 1183 1369 1240; x_wconf 84' lang='lat' dir='ltr'><strong>sanctorum</strong></span> <span class='ocrx_word' id='word_1_76' title='bbox 1400 1181 1550 1238; x_wconf 85' lang='lat' dir='ltr'><strong>martirum</strong></span> 
     </span>
     <span class='ocr_line' id='line_1_9' title="bbox 178 1259 1549 1346; baseline 0.001 -24"><span class='ocrx_word' id='word_1_77' title='bbox 178 1259 291 1342; x_wconf 79' lang='lat' dir='ltr'><strong>llpliani</strong></span> <span class='ocrx_word' id='word_1_78' title='bbox 313 1267 343 1321; x_wconf 91' lang='lat' dir='ltr'><strong>et</strong></span> <span class='ocrx_word' id='word_1_79' title='bbox 364 1265 512 1324; x_wconf 88' lang='lat' dir='ltr'><strong>sociorum</strong></span> <span class='ocrx_word' id='word_1_80' title='bbox 536 1267 601 1326; x_wconf 89' lang='lat' dir='ltr'><strong>eius</strong></span> <span class='ocrx_word' id='word_1_81' title='bbox 623 1263 785 1326; x_wconf 77' lang='lat' dir='ltr'><strong>liberaliter</strong></span> <span class='ocrx_word' id='word_1_82' title='bbox 806 1263 978 1328; x_wconf 77' lang='lat' dir='ltr'><strong>tradidimus</strong></span> <span class='ocrx_word' id='word_1_83' title='bbox 1001 1271 1032 1326; x_wconf 91' lang='lat' dir='ltr'><strong>et</strong></span> <span class='ocrx_word' id='word_1_84' title='bbox 1053 1264 1314 1346; x_wconf 88' lang='lat' dir='ltr'><strong>damusperpctuo</strong></span> <span class='ocrx_word' id='word_1_85' title='bbox 1327 1259 1549 1344; x_wconf 90' lang='lat' dir='ltr'><strong>possidendum.</strong></span> 
     </span>
     <span class='ocr_line' id='line_1_10' title="bbox 180 1345 1550 1430; baseline 0.002 -23"><span class='ocrx_word' id='word_1_86' title='bbox 180 1345 295 1408; x_wconf 86' lang='lat' dir='ltr'><strong>Curiam</strong></span> <span class='ocrx_word' id='word_1_87' title='bbox 317 1349 435 1426; x_wconf 90' lang='lat' dir='ltr'><strong>inipso</strong></span> <span class='ocrx_word' id='word_1_88' title='bbox 458 1355 579 1429; x_wconf 84' lang='lat' dir='ltr'><strong>oestro,</strong></span> <span class='ocrx_word' id='word_1_89' title='bbox 616 1368 704 1430; x_wconf 66' lang='lat' dir='ltr'><strong>mam</strong></span> <span class='ocrx_word' id='word_1_90' title='bbox 725 1349 882 1430; x_wconf 88' lang='lat' dir='ltr'><strong>hucusque</strong></span> <span class='ocrx_word' id='word_1_91' title='bbox 904 1350 1132 1413; x_wconf 87' lang='lat' dir='ltr'><strong>inhabitauimus</strong></span> <span class='ocrx_word' id='word_1_92' title='bbox 1165 1355 1194 1410; x_wconf 90' lang='lat' dir='ltr'><strong>ot</strong></span> <span class='ocrx_word' id='word_1_93' title='bbox 1215 1352 1317 1411; x_wconf 89' lang='lat' dir='ltr'><strong>turrim</strong></span> <span class='ocrx_word' id='word_1_94' title='bbox 1345 1365 1413 1409; x_wconf 91' lang='lat' dir='ltr'><strong>cum</strong></span> <span class='ocrx_word' id='word_1_95' title='bbox 1435 1347 1550 1428; x_wconf 87' lang='lat' dir='ltr'><strong>capella</strong></span> 
     </span>
     <span class='ocr_line' id='line_1_11' title="bbox 180 1430 1550 1516; baseline 0.001 -24"><span class='ocrx_word' id='word_1_96' title='bbox 180 1438 207 1492; x_wconf 91' lang='lat' dir='ltr'><strong>et</strong></span> <span class='ocrx_word' id='word_1_97' title='bbox 228 1430 343 1492; x_wconf 86' lang='lat' dir='ltr'><strong>duabus</strong></span> <span class='ocrx_word' id='word_1_98' title='bbox 365 1430 500 1495; x_wconf 85' lang='lat' dir='ltr'><strong>domibus</strong></span> <span class='ocrx_word' id='word_1_99' title='bbox 531 1438 562 1497; x_wconf 94' lang='lat' dir='ltr'><strong>ln</strong></span> <span class='ocrx_word' id='word_1_100' title='bbox 591 1433 736 1499; x_wconf 89' lang='lat' dir='ltr'><strong>suburbio</strong></span> <span class='ocrx_word' id='word_1_101' title='bbox 770 1439 834 1498; x_wconf 89' lang='lat' dir='ltr'><strong>sitis</strong></span> <span class='ocrx_word' id='word_1_102' title='bbox 863 1436 900 1498; x_wconf 92' lang='lat' dir='ltr'><strong>ad</strong></span> <span class='ocrx_word' id='word_1_103' title='bbox 933 1452 1079 1516; x_wconf 89' lang='lat' dir='ltr'><strong>equorum</strong></span> <span class='ocrx_word' id='word_1_104' title='bbox 1112 1433 1228 1498; x_wconf 88' lang='lat' dir='ltr'><strong>stabula</strong></span> <span class='ocrx_word' id='word_1_105' title='bbox 1263 1439 1293 1496; x_wconf 91' lang='lat' dir='ltr'><strong>et</strong></span> <span class='ocrx_word' id='word_1_106' title='bbox 1321 1431 1423 1496; x_wconf 58' lang='lat' dir='ltr'><strong>illitu·</strong></span> <span class='ocrx_word' id='word_1_107' title='bbox 1446 1437 1550 1516; x_wconf 65' lang='lat' dir='ltr'><strong>iugera</strong></span> 
     </span>
     <span class='ocr_line' id='line_1_12' title="bbox 179 1515 1551 1600; baseline 0 -22"><span class='ocrx_word' id='word_1_108' title='bbox 179 1521 330 1578; x_wconf 82' lang='lat' dir='ltr'><strong>vinearum</strong></span> <span class='ocrx_word' id='word_1_109' title='bbox 350 1515 405 1578; x_wconf 91' lang='lat' dir='ltr'><strong>sub</strong></span> <span class='ocrx_word' id='word_1_110' title='bbox 427 1519 541 1597; x_wconf 86' lang='lat' dir='ltr'><strong>patacio</strong></span> <span class='ocrx_word' id='word_1_111' title='bbox 563 1525 651 1584; x_wconf 86' lang='lat' dir='ltr'><strong>castri</strong></span> <span class='ocrx_word' id='word_1_112' title='bbox 673 1525 748 1600; x_wconf 87' lang='lat' dir='ltr'><strong>sita,</strong></span> <span class='ocrx_word' id='word_1_113' title='bbox 778 1525 897 1584; x_wconf 89' lang='lat' dir='ltr'><strong>nominc</strong></span> <span class='ocrx_word' id='word_1_114' title='bbox 928 1521 1117 1584; x_wconf 85' lang='lat' dir='ltr'><strong>burchsezze</strong></span> <span class='ocrx_word' id='word_1_115' title='bbox 1139 1519 1226 1582; x_wconf 90' lang='lat' dir='ltr'><strong>nobis</strong></span> <span class='ocrx_word' id='word_1_116' title='bbox 1259 1515 1358 1599; x_wconf 86' lang='lat' dir='ltr'><strong>quoad</strong></span> <span class='ocrx_word' id='word_1_117' title='bbox 1387 1521 1551 1579; x_wconf 83' lang='lat' dir='ltr'><strong>uixerimus</strong></span> 
     </span>
     <span class='ocr_line' id='line_1_13' title="bbox 181 1599 1551 1688; baseline 0.001 -26"><span class='ocrx_word' id='word_1_118' title='bbox 181 1607 209 1662; x_wconf 89' lang='lat' dir='ltr'><strong>et</strong></span> <span class='ocrx_word' id='word_1_119' title='bbox 230 1599 336 1663; x_wconf 89' lang='lat' dir='ltr'><strong>cadem</strong></span> <span class='ocrx_word' id='word_1_120' title='bbox 359 1599 458 1663; x_wconf 73' lang='lat' dir='ltr'><strong>xppm.</strong></span> <span class='ocrx_word' id='word_1_121' title='bbox 480 1609 586 1688; x_wconf 81' lang='lat' dir='ltr'><strong>iugera</strong></span> <span class='ocrx_word' id='word_1_122' title='bbox 607 1613 676 1687; x_wconf 91' lang='lat' dir='ltr'><strong>post</strong></span> <span class='ocrx_word' id='word_1_123' title='bbox 696 1613 822 1668; x_wconf 87' lang='lat' dir='ltr'><strong>mortem</strong></span> <span class='ocrx_word' id='word_1_124' title='bbox 842 1613 974 1670; x_wconf 89' lang='lat' dir='ltr'><strong>nostram</strong></span> <span class='ocrx_word' id='word_1_125' title='bbox 1001 1606 1080 1668; x_wconf 90' lang='lat' dir='ltr'><strong>dicto</strong></span> <span class='ocrx_word' id='word_1_126' title='bbox 1107 1610 1193 1668; x_wconf 89' lang='lat' dir='ltr'><strong>vxorl</strong></span> <span class='ocrx_word' id='word_1_127' title='bbox 1223 1610 1325 1666; x_wconf 91' lang='lat' dir='ltr'><strong>nostre</strong></span> <span class='ocrx_word' id='word_1_128' title='bbox 1366 1601 1399 1665; x_wconf 90' lang='lat' dir='ltr'><strong>B.</strong></span> <span class='ocrx_word' id='word_1_129' title='bbox 1432 1607 1551 1665; x_wconf 88' lang='lat' dir='ltr'><strong>nomine</strong></span> 
     </span>
     <span class='ocr_line' id='line_1_14' title="bbox 179 1685 1551 1773; baseline 0.001 -27"><span class='ocrx_word' id='word_1_130' title='bbox 179 1685 358 1770; x_wconf 80' lang='lat' dir='ltr'><strong>libgcdingc,</strong></span> <span class='ocrx_word' id='word_1_131' title='bbox 380 1689 479 1766; x_wconf 80' lang='lat' dir='ltr'><strong>quoad</strong></span> <span class='ocrx_word' id='word_1_132' title='bbox 500 1694 566 1770; x_wconf 89' lang='lat' dir='ltr'><strong>ipsa</strong></span> <span class='ocrx_word' id='word_1_133' title='bbox 587 1695 714 1770; x_wconf 87' lang='lat' dir='ltr'><strong>uixerit,</strong></span> <span class='ocrx_word' id='word_1_134' title='bbox 737 1697 768 1754; x_wconf 91' lang='lat' dir='ltr'><strong>et</strong></span> <span class='ocrx_word' id='word_1_135' title='bbox 788 1699 926 1773; x_wconf 87' lang='lat' dir='ltr'><strong>preterea</strong></span> <span class='ocrx_word' id='word_1_136' title='bbox 948 1697 1118 1754; x_wconf 80' lang='lat' dir='ltr'><strong>castrenses</strong></span> <span class='ocrx_word' id='word_1_137' title='bbox 1140 1695 1261 1752; x_wconf 92' lang='lat' dir='ltr'><strong>nostros</strong></span> <span class='ocrx_word' id='word_1_138' title='bbox 1294 1689 1395 1752; x_wconf 88' lang='lat' dir='ltr'><strong>saluos</strong></span> <span class='ocrx_word' id='word_1_139' title='bbox 1425 1692 1456 1748; x_wconf 91' lang='lat' dir='ltr'><strong>in</strong></span> <span class='ocrx_word' id='word_1_140' title='bbox 1486 1693 1551 1750; x_wconf 91' lang='lat' dir='ltr'><strong>iure</strong></span> 
     </span>
     <span class='ocr_line' id='line_1_15' title="bbox 178 1771 1551 1855; baseline 0.002 -22"><span class='ocrx_word' id='word_1_141' title='bbox 178 1777 318 1852; x_wconf 90' lang='lat' dir='ltr'><strong>ipsorum,</strong></span> <span class='ocrx_word' id='word_1_142' title='bbox 340 1777 406 1834; x_wconf 90' lang='lat' dir='ltr'><strong>siue</strong></span> <span class='ocrx_word' id='word_1_143' title='bbox 428 1775 516 1837; x_wconf 90' lang='lat' dir='ltr'><strong>sitin</strong></span> <span class='ocrx_word' id='word_1_144' title='bbox 539 1793 642 1840; x_wconf 90' lang='lat' dir='ltr'><strong>eorum</strong></span> <span class='ocrx_word' id='word_1_145' title='bbox 664 1776 841 1850; x_wconf 84' lang='lat' dir='ltr'><strong>burchsene,</strong></span> <span class='ocrx_word' id='word_1_146' title='bbox 864 1783 930 1841; x_wconf 90' lang='lat' dir='ltr'><strong>siue</strong></span> <span class='ocrx_word' id='word_1_147' title='bbox 951 1782 981 1839; x_wconf 95' lang='lat' dir='ltr'><strong>ln</strong></span> <span class='ocrx_word' id='word_1_148' title='bbox 1003 1777 1068 1839; x_wconf 89' lang='lat' dir='ltr'><strong>allis</strong></span> <span class='ocrx_word' id='word_1_149' title='bbox 1091 1775 1184 1846; x_wconf 85' lang='lat' dir='ltr'><strong>bonis,</strong></span> <span class='ocrx_word' id='word_1_150' title='bbox 1207 1793 1267 1855; x_wconf 88' lang='lat' dir='ltr'><strong>quo</strong></span> <span class='ocrx_word' id='word_1_151' title='bbox 1286 1771 1450 1855; x_wconf 86' lang='lat' dir='ltr'><strong>possident,</strong></span> <span class='ocrx_word' id='word_1_152' title='bbox 1473 1791 1551 1836; x_wconf 92' lang='lat' dir='ltr'><strong>con-</strong></span> 
     </span>
     <span class='ocr_line' id='line_1_16' title="bbox 180 1857 1551 1945; baseline 0.001 -27"><span class='ocrx_word' id='word_1_153' title='bbox 180 1864 346 1922; x_wconf 86' lang='lat' dir='ltr'><strong>seruantes.</strong></span> <span class='ocrx_word' id='word_1_154' title='bbox 388 1857 472 1922; x_wconf 90' lang='lat' dir='ltr'><strong>Bona</strong></span> <span class='ocrx_word' id='word_1_155' title='bbox 494 1857 603 1926; x_wconf 81' lang='lat' dir='ltr'><strong>dombnl</strong></span> <span class='ocrx_word' id='word_1_156' title='bbox 627 1868 770 1945; x_wconf 80' lang='lat' dir='ltr'><strong>episcopi,</strong></span> <span class='ocrx_word' id='word_1_157' title='bbox 793 1879 854 1942; x_wconf 85' lang='lat' dir='ltr'><strong>quc</strong></span> <span class='ocrx_word' id='word_1_158' title='bbox 874 1863 961 1926; x_wconf 89' lang='lat' dir='ltr'><strong>nobis</strong></span> <span class='ocrx_word' id='word_1_159' title='bbox 983 1866 1164 1945; x_wconf 77' lang='lat' dir='ltr'><strong>assignauit,</strong></span> <span class='ocrx_word' id='word_1_160' title='bbox 1185 1859 1293 1940; x_wconf 82' lang='lat' dir='ltr'><strong>qtcibus</strong></span> <span class='ocrx_word' id='word_1_161' title='bbox 1315 1866 1433 1922; x_wconf 90' lang='lat' dir='ltr'><strong>utemur</strong></span> <span class='ocrx_word' id='word_1_162' title='bbox 1454 1857 1551 1920; x_wconf 90' lang='lat' dir='ltr'><strong>debita</strong></span> 
     </span>
     <span class='ocr_line' id='line_1_17' title="bbox 179 1943 1551 2030; baseline 0.001 -26"><span class='ocrx_word' id='word_1_163' title='bbox 179 1943 341 2022; x_wconf 87' lang='lat' dir='ltr'><strong>honestate,</strong></span> <span class='ocrx_word' id='word_1_164' title='bbox 364 1949 434 2004; x_wconf 87' lang='lat' dir='ltr'><strong>sunt</strong></span> <span class='ocrx_word' id='word_1_165' title='bbox 454 1945 521 2007; x_wconf 87' lang='lat' dir='ltr'><strong>hec.</strong></span> <span class='ocrx_word' id='word_1_166' title='bbox 563 1947 597 2010; x_wconf 97' lang='lat' dir='ltr'><strong>ln</strong></span> <span class='ocrx_word' id='word_1_167' title='bbox 620 1947 863 2028; x_wconf 85' lang='lat' dir='ltr'><strong>Sconenowe,</strong></span> <span class='ocrx_word' id='word_1_168' title='bbox 886 1947 1050 2023; x_wconf 88' lang='lat' dir='ltr'><strong>Brende,</strong></span> <span class='ocrx_word' id='word_1_169' title='bbox 1072 1943 1328 2030; x_wconf 80' lang='lat' dir='ltr'><strong>cheiurthe</strong></span> <span class='ocrx_word' id='word_1_170' title='bbox 1351 1949 1382 2006; x_wconf 91' lang='lat' dir='ltr'><strong>et</strong></span> <span class='ocrx_word' id='word_1_171' title='bbox 1401 1943 1551 2006; x_wconf 89' lang='lat' dir='ltr'><strong>Wicen-</strong></span> 
     </span>
     <span class='ocr_line' id='line_1_18' title="bbox 179 2024 1551 2111; baseline 0 -21"><span class='ocrx_word' id='word_1_172' title='bbox 179 2027 326 2090; x_wconf 88' lang='lat' dir='ltr'><strong>brunen</strong></span> <span class='ocrx_word' id='word_1_173' title='bbox 343 2024 383 2104; x_wconf 81' lang='grc'><strong>11)</strong></span> <span class='ocrx_word' id='word_1_174' title='bbox 407 2027 444 2090; x_wconf 86' lang='lat' dir='ltr'><strong>ad</strong></span> <span class='ocrx_word' id='word_1_175' title='bbox 464 2029 542 2093; x_wconf 84' lang='lat' dir='ltr'><strong>XLV</strong></span> <span class='ocrx_word' id='word_1_176' title='bbox 563 2035 687 2109; x_wconf 83' lang='lat' dir='ltr'><strong>talenta3</strong></span> <span class='ocrx_word' id='word_1_177' title='bbox 711 2038 742 2096; x_wconf 90' lang='lat' dir='ltr'><strong>in</strong></span> <span class='ocrx_word' id='word_1_178' title='bbox 764 2031 961 2111; x_wconf 88' lang='lat' dir='ltr'><strong>lebach,</strong></span> <span class='ocrx_word' id='word_1_179' title='bbox 983 2037 1014 2094; x_wconf 93' lang='lat' dir='ltr'><strong>ln</strong></span> <span class='ocrx_word' id='word_1_180' title='bbox 1035 2029 1314 2095; x_wconf 82' lang='lat' dir='ltr'><strong>Franlcenhclm</strong></span> <span class='ocrx_word' id='word_1_181' title='bbox 1338 2028 1375 2092; x_wconf 86' lang='lat' dir='ltr'><strong>ad</strong></span> <span class='ocrx_word' id='word_1_182' title='bbox 1390 2027 1417 2092; x_wconf 88' lang='grc' dir='ltr'><strong>Χ</strong></span> <span class='ocrx_word' id='word_1_183' title='bbox 1432 2031 1551 2108; x_wconf 84' lang='lat' dir='ltr'><strong>telerrte,</strong></span> 
     </span>
     <span class='ocr_line' id='line_1_19' title="bbox 180 2113 1551 2200; baseline 0 -26"><span class='ocrx_word' id='word_1_184' title='bbox 180 2118 207 2175; x_wconf 90' lang='lat' dir='ltr'><strong>in</strong></span> <span class='ocrx_word' id='word_1_185' title='bbox 237 2113 430 2176; x_wconf 83' lang='lat' dir='ltr'><strong>Houstrov</strong></span> <span class='ocrx_word' id='word_1_186' title='bbox 461 2115 498 2178; x_wconf 89' lang='lat' dir='ltr'><strong>ad</strong></span> <span class='ocrx_word' id='word_1_187' title='bbox 530 2114 583 2180; x_wconf 87' lang='lat' dir='ltr'><strong>XV</strong></span> <span class='ocrx_word' id='word_1_188' title='bbox 612 2119 741 2198; x_wconf 80' lang='lat' dir='ltr'><strong>talenta,</strong></span> <span class='ocrx_word' id='word_1_189' title='bbox 774 2125 805 2181; x_wconf 96' lang='lat' dir='ltr'><strong>ln</strong></span> <span class='ocrx_word' id='word_1_190' title='bbox 836 2113 1084 2200; x_wconf 71' lang='lat' dir='ltr'><strong>Vrdorpl¹⁴),</strong></span> <span class='ocrx_word' id='word_1_191' title='bbox 1114 2113 1486 2192; x_wconf 66' lang='lat' dir='ltr'><strong>Etlrtotishusrnst)</strong></span> <span class='ocrx_word' id='word_1_192' title='bbox 1522 2121 1551 2174; x_wconf 90' lang='lat' dir='ltr'><strong>et</strong></span> 
     </span>
     <span class='ocr_line' id='line_1_20' title="bbox 181 2197 1551 2286; baseline 0 -25"><span class='ocrx_word' id='word_1_193' title='bbox 181 2197 515 2278; x_wconf 82' lang='lat' dir='ltr'><strong>llahtolshusin¹⁶)</strong></span> <span class='ocrx_word' id='word_1_194' title='bbox 543 2203 579 2266; x_wconf 88' lang='lat' dir='ltr'><strong>ad</strong></span> <span class='ocrx_word' id='word_1_195' title='bbox 601 2203 683 2267; x_wconf 85' lang='lat' dir='ltr'><strong>XXX</strong></span> <span class='ocrx_word' id='word_1_196' title='bbox 711 2205 841 2284; x_wconf 89' lang='lat' dir='ltr'><strong>talenta,</strong></span> <span class='ocrx_word' id='word_1_197' title='bbox 876 2211 977 2286; x_wconf 89' lang='lat' dir='ltr'><strong>preter</strong></span> <span class='ocrx_word' id='word_1_198' title='bbox 1005 2203 1141 2265; x_wconf 89' lang='lat' dir='ltr'><strong>homines</strong></span> <span class='ocrx_word' id='word_1_199' title='bbox 1168 2199 1331 2264; x_wconf 84' lang='lat' dir='ltr'><strong>eorundem</strong></span> <span class='ocrx_word' id='word_1_200' title='bbox 1360 2199 1495 2262; x_wconf 87' lang='lat' dir='ltr'><strong>villarum</strong></span> <span class='ocrx_word' id='word_1_201' title='bbox 1522 2205 1551 2261; x_wconf 90' lang='lat' dir='ltr'><strong>in</strong></span> 
     </span>
     <span class='ocr_line' id='line_1_21' title="bbox 179 2285 1550 2370; baseline 0 -24"><span class='ocrx_word' id='word_1_202' title='bbox 179 2285 263 2348; x_wconf 91' lang='lat' dir='ltr'><strong>bonis</strong></span> <span class='ocrx_word' id='word_1_203' title='bbox 286 2289 446 2368; x_wconf 82' lang='lat' dir='ltr'><strong>assignatis</strong></span> <span class='ocrx_word' id='word_1_204' title='bbox 468 2289 664 2354; x_wconf 86' lang='lat' dir='ltr'><strong>residenclam</strong></span> <span class='ocrx_word' id='word_1_205' title='bbox 692 2307 752 2352; x_wconf 88' lang='lat' dir='ltr'><strong>non</strong></span> <span class='ocrx_word' id='word_1_206' title='bbox 774 2289 938 2366; x_wconf 80' lang='lat' dir='ltr'><strong>hebentes3</strong></span> <span class='ocrx_word' id='word_1_207' title='bbox 972 2307 1032 2370; x_wconf 86' lang='lat' dir='ltr'><strong>que</strong></span> <span class='ocrx_word' id='word_1_208' title='bbox 1061 2287 1140 2350; x_wconf 89' lang='lat' dir='ltr'><strong>bona</strong></span> <span class='ocrx_word' id='word_1_209' title='bbox 1171 2305 1226 2368; x_wconf 91' lang='lat' dir='ltr'><strong>pro</strong></span> <span class='ocrx_word' id='word_1_210' title='bbox 1258 2303 1373 2350; x_wconf 87' lang='lat' dir='ltr'><strong>summa</strong></span> <span class='ocrx_word' id='word_1_211' title='bbox 1406 2289 1550 2365; x_wconf 83' lang='lat' dir='ltr'><strong>pretaxati</strong></span> 
     </span>
     <span class='ocr_line' id='line_1_22' title="bbox 179 2369 1552 2452; baseline 0 -20"><span class='ocrx_word' id='word_1_212' title='bbox 179 2373 270 2452; x_wconf 91' lang='lat' dir='ltr'><strong>precii</strong></span> <span class='ocrx_word' id='word_1_213' title='bbox 294 2373 456 2450; x_wconf 87' lang='lat' dir='ltr'><strong>empcionis</strong></span> <span class='ocrx_word' id='word_1_214' title='bbox 478 2379 567 2436; x_wconf 85' lang='lat' dir='ltr'><strong>castri</strong></span> <span class='ocrx_word' id='word_1_215' title='bbox 589 2375 838 2438; x_wconf 86' lang='lat' dir='ltr'><strong>Botenldben</strong></span> <span class='ocrx_word' id='word_1_216' title='bbox 854 2373 896 2450; x_wconf 81' lang='grc'><strong>11)</strong></span> <span class='ocrx_word' id='word_1_217' title='bbox 919 2381 949 2437; x_wconf 91' lang='lat' dir='ltr'><strong>et</strong></span> <span class='ocrx_word' id='word_1_218' title='bbox 968 2375 1114 2439; x_wconf 92' lang='lat' dir='ltr'><strong>bonorum</strong></span> <span class='ocrx_word' id='word_1_219' title='bbox 1135 2375 1341 2449; x_wconf 85' lang='lat' dir='ltr'><strong>attinencium,</strong></span> <span class='ocrx_word' id='word_1_220' title='bbox 1362 2369 1443 2432; x_wconf 87' lang='lat' dir='ltr'><strong>nrllle</strong></span> <span class='ocrx_word' id='word_1_221' title='bbox 1463 2369 1552 2432; x_wconf 88' lang='lat' dir='ltr'><strong>ride-</strong></span> 
     </span>
     <span class='ocr_line' id='line_1_23' title="bbox 179 2454 1551 2536; baseline -0.001 -19"><span class='ocrx_word' id='word_1_222' title='bbox 179 2457 246 2518; x_wconf 86' lang='lat' dir='ltr'><strong>licet</strong></span> <span class='ocrx_word' id='word_1_223' title='bbox 268 2454 460 2518; x_wconf 84' lang='lat' dir='ltr'><strong>ducentarum</strong></span> <span class='ocrx_word' id='word_1_224' title='bbox 482 2477 648 2524; x_wconf 88' lang='lat' dir='ltr'><strong>marcarum</strong></span> <span class='ocrx_word' id='word_1_225' title='bbox 670 2465 819 2524; x_wconf 86' lang='lat' dir='ltr'><strong>annuatim</strong></span> <span class='ocrx_word' id='word_1_226' title='bbox 841 2467 961 2523; x_wconf 83' lang='lat' dir='ltr'><strong>centurn</strong></span> <span class='ocrx_word' id='word_1_227' title='bbox 982 2459 1093 2520; x_wconf 91' lang='lat' dir='ltr'><strong>talenta</strong></span> <span class='ocrx_word' id='word_1_228' title='bbox 1124 2457 1278 2520; x_wconf 88' lang='lat' dir='ltr'><strong>solueocia</strong></span> <span class='ocrx_word' id='word_1_229' title='bbox 1308 2473 1325 2517; x_wconf 88' lang='lat' dir='ltr'><strong>a</strong></span> <span class='ocrx_word' id='word_1_230' title='bbox 1347 2473 1436 2517; x_wconf 90' lang='lat' dir='ltr'><strong>manu</strong></span> <span class='ocrx_word' id='word_1_231' title='bbox 1456 2459 1551 2536; x_wconf 88' lang='lat' dir='ltr'><strong>ipsius</strong></span> 
     </span>
     <span class='ocr_line' id='line_1_24' title="bbox 180 2541 1551 2710; baseline -0.001 -24"><span class='ocrx_word' id='word_1_232' title='bbox 180 2545 648 2710; x_wconf 71' lang='lat' dir='ltr'><strong>iiiiitiiiitlllilti</strong></span> <span class='ocrx_word' id='word_1_233' title='bbox 663 2546 900 2694; x_wconf 66' lang='lat' dir='ltr'><strong>„illiciti</strong></span> <span class='ocrx_word' id='word_1_234' title='bbox 922 2541 1551 2706; x_wconf 55' lang='lat' dir='ltr'><strong>liiilittliiobstitit;</strong></span> 
     </span>
     <span class='ocr_line' id='line_1_25' title="bbox 1286 2671 1295 2706; baseline 0 0"><span class='ocrx_word' id='word_1_235' title='bbox 1286 2671 1295 2706; x_wconf 78' lang='lat'><em>2</em></span> 
     </span>
     <span class='ocr_line' id='line_1_26' title="bbox 179 2713 1550 2794; baseline -0.001 -22"><span class='ocrx_word' id='word_1_236' title='bbox 179 2719 306 2774; x_wconf 90' lang='lat' dir='ltr'><strong>nostram</strong></span> <span class='ocrx_word' id='word_1_237' title='bbox 329 2713 566 2794; x_wconf 86' lang='lat' dir='ltr'><strong>quibuscumque</strong></span> <span class='ocrx_word' id='word_1_238' title='bbox 587 2721 617 2778; x_wconf 93' lang='lat' dir='ltr'><strong>ln</strong></span> <span class='ocrx_word' id='word_1_239' title='bbox 639 2717 773 2779; x_wconf 90' lang='lat' dir='ltr'><strong>remedio</strong></span> <span class='ocrx_word' id='word_1_240' title='bbox 796 2721 893 2779; x_wconf 90' lang='lat' dir='ltr'><strong>anime</strong></span> <span class='ocrx_word' id='word_1_241' title='bbox 908 2723 1009 2779; x_wconf 87' lang='lat' dir='ltr'><strong>nostre</strong></span> <span class='ocrx_word' id='word_1_242' title='bbox 1025 2715 1162 2776; x_wconf 86' lang='lat' dir='ltr'><strong>claustris</strong></span> <span class='ocrx_word' id='word_1_243' title='bbox 1178 2713 1229 2774; x_wconf 91' lang='lat' dir='ltr'><strong>uel</strong></span> <span class='ocrx_word' id='word_1_244' title='bbox 1243 2715 1379 2794; x_wconf 89' lang='lat' dir='ltr'><strong>persords</strong></span> <span class='ocrx_word' id='word_1_245' title='bbox 1395 2717 1550 2794; x_wconf 82' lang='lat' dir='ltr'><strong>argentum</strong></span> 
     </span>
     <span class='ocr_line' id='line_1_27' title="bbox 179 2795 1550 2886; baseline 0 -29"><span class='ocrx_word' id='word_1_246' title='bbox 179 2804 363 2877; x_wconf 87' lang='lat' dir='ltr'><strong>pretaxatum</strong></span> <span class='ocrx_word' id='word_1_247' title='bbox 384 2799 434 2860; x_wconf 87' lang='lat' dir='ltr'><strong>vel</strong></span> <span class='ocrx_word' id='word_1_248' title='bbox 456 2805 570 2880; x_wconf 89' lang='lat' dir='ltr'><strong>partem</strong></span> <span class='ocrx_word' id='word_1_249' title='bbox 591 2805 686 2885; x_wconf 91' lang='lat' dir='ltr'><strong>ipsius</strong></span> <span class='ocrx_word' id='word_1_250' title='bbox 709 2801 852 2886; x_wconf 85' lang='lat' dir='ltr'><strong>delegare</strong></span> <span class='ocrx_word' id='word_1_251' title='bbox 876 2803 1112 2878; x_wconf 88' lang='lat' dir='ltr'><strong>decreuerimus,</strong></span> <span class='ocrx_word' id='word_1_252' title='bbox 1134 2799 1215 2862; x_wconf 95' lang='lat' dir='ltr'><strong>nullo</strong></span> <span class='ocrx_word' id='word_1_253' title='bbox 1231 2795 1452 2860; x_wconf 89' lang='lat' dir='ltr'><strong>contradicente</strong></span> <span class='ocrx_word' id='word_1_254' title='bbox 1474 2813 1550 2858; x_wconf 94' lang='lat' dir='ltr'><strong>suc-</strong></span> 
     </span>
     <span class='ocr_line' id='line_1_28' title="bbox 181 2881 1551 2970; baseline 0.001 -28"><span class='ocrx_word' id='word_1_255' title='bbox 181 2881 295 2956; x_wconf 91' lang='lat' dir='ltr'><strong>cedant,</strong></span> <span class='ocrx_word' id='word_1_256' title='bbox 317 2882 367 2944; x_wconf 88' lang='lat' dir='ltr'><strong>tali</strong></span> <span class='ocrx_word' id='word_1_257' title='bbox 388 2888 561 2966; x_wconf 84' lang='lat' dir='ltr'><strong>interposita</strong></span> <span class='ocrx_word' id='word_1_258' title='bbox 583 2891 741 2970; x_wconf 90' lang='lat' dir='ltr'><strong>pactione,</strong></span> <span class='ocrx_word' id='word_1_259' title='bbox 763 2895 796 2950; x_wconf 89' lang='lat' dir='ltr'><strong>ul</strong></span> <span class='ocrx_word' id='word_1_260' title='bbox 818 2907 885 2950; x_wconf 91' lang='lat' dir='ltr'><strong>cum</strong></span> <span class='ocrx_word' id='word_1_261' title='bbox 907 2885 1139 2962; x_wconf 85' lang='lat' dir='ltr'><strong>decesserimus,</strong></span> <span class='ocrx_word' id='word_1_262' title='bbox 1162 2882 1298 2948; x_wconf 89' lang='lat' dir='ltr'><strong>dominus</strong></span> <span class='ocrx_word' id='word_1_263' title='bbox 1321 2885 1478 2963; x_wconf 87' lang='lat' dir='ltr'><strong>episcopus</strong></span> <span class='ocrx_word' id='word_1_264' title='bbox 1502 2889 1551 2944; x_wconf 89' lang='lat' dir='ltr'><strong>aut</strong></span> 
     </span>
     <span class='ocr_line' id='line_1_29' title="bbox 179 2967 1550 3055; baseline 0 -27"><span class='ocrx_word' id='word_1_265' title='bbox 179 2985 374 3030; x_wconf 89' lang='lat' dir='ltr'><strong>successores</strong></span> <span class='ocrx_word' id='word_1_266' title='bbox 399 2973 463 3050; x_wconf 88' lang='lat' dir='ltr'><strong>sui,</strong></span> <span class='ocrx_word' id='word_1_267' title='bbox 494 2979 545 3034; x_wconf 89' lang='lat' dir='ltr'><strong>aut</strong></span> <span class='ocrx_word' id='word_1_268' title='bbox 566 2973 696 3036; x_wconf 81' lang='lat' dir='ltr'><strong>ecclesia</strong></span> <span class='ocrx_word' id='word_1_269' title='bbox 717 2978 850 3055; x_wconf 89' lang='lat' dir='ltr'><strong>ipsorum</strong></span> <span class='ocrx_word' id='word_1_270' title='bbox 871 2977 989 3036; x_wconf 91' lang='lat' dir='ltr'><strong>nomine</strong></span> <span class='ocrx_word' id='word_1_271' title='bbox 1009 2969 1087 3032; x_wconf 85' lang='lat' dir='ltr'><strong>inire</strong></span> <span class='ocrx_word' id='word_1_272' title='bbox 1117 2967 1190 3030; x_wconf 72' lang='lat' dir='ltr'><strong>llll⁶r</strong></span> <span class='ocrx_word' id='word_1_273' title='bbox 1218 2985 1362 3032; x_wconf 90' lang='lat' dir='ltr'><strong>annorum</strong></span> <span class='ocrx_word' id='word_1_274' title='bbox 1394 2973 1550 3030; x_wconf 90' lang='lat' dir='ltr'><strong>terminum</strong></span> 
     </span>
     <span class='ocr_line' id='line_1_30' title="bbox 178 3051 1550 3136; baseline 0.001 -23"><span class='ocrx_word' id='word_1_275' title='bbox 178 3057 257 3134; x_wconf 87' lang='lat' dir='ltr'><strong>ipsos</strong></span> <span class='ocrx_word' id='word_1_276' title='bbox 279 3051 413 3117; x_wconf 87' lang='lat' dir='ltr'><strong>redditus</strong></span> <span class='ocrx_word' id='word_1_277' title='bbox 435 3053 599 3120; x_wconf 88' lang='lat' dir='ltr'><strong>redimendi</strong></span> <span class='ocrx_word' id='word_1_278' title='bbox 621 3059 745 3122; x_wconf 92' lang='lat' dir='ltr'><strong>liberam</strong></span> <span class='ocrx_word' id='word_1_279' title='bbox 765 3058 893 3122; x_wconf 88' lang='lat' dir='ltr'><strong>habeant</strong></span> <span class='ocrx_word' id='word_1_280' title='bbox 914 3056 1094 3136; x_wconf 80' lang='lat' dir='ltr'><strong>facultatem,</strong></span> <span class='ocrx_word' id='word_1_281' title='bbox 1116 3059 1156 3118; x_wconf 88' lang='lat' dir='ltr'><strong>ita</strong></span> <span class='ocrx_word' id='word_1_282' title='bbox 1172 3052 1253 3135; x_wconf 88' lang='lat' dir='ltr'><strong>quod</strong></span> <span class='ocrx_word' id='word_1_283' title='bbox 1267 3071 1326 3116; x_wconf 91' lang='lat' dir='ltr'><strong>uno</strong></span> <span class='ocrx_word' id='word_1_284' title='bbox 1342 3069 1550 3134; x_wconf 86' lang='lat' dir='ltr'><strong>quoquaanno</strong></span> 
     </span>
     <span class='ocr_line' id='line_1_31' title="bbox 179 3137 1550 3222; baseline -0.001 -22"><span class='ocrx_word' id='word_1_285' title='bbox 179 3137 321 3202; x_wconf 89' lang='lat' dir='ltr'><strong>dictorum</strong></span> <span class='ocrx_word' id='word_1_286' title='bbox 342 3137 566 3206; x_wconf 66' lang='lat' dir='ltr'><strong>lllltformorum</strong></span> <span class='ocrx_word' id='word_1_287' title='bbox 587 3149 723 3206; x_wconf 80' lang='lat' dir='ltr'><strong>trecente</strong></span> <span class='ocrx_word' id='word_1_288' title='bbox 745 3161 846 3206; x_wconf 88' lang='lat' dir='ltr'><strong>marce</strong></span> <span class='ocrx_word' id='word_1_289' title='bbox 868 3144 1006 3206; x_wconf 90' lang='lat' dir='ltr'><strong>claustris</strong></span> <span class='ocrx_word' id='word_1_290' title='bbox 1028 3141 1077 3203; x_wconf 87' lang='lat' dir='ltr'><strong>vel</strong></span> <span class='ocrx_word' id='word_1_291' title='bbox 1098 3144 1255 3222; x_wconf 87' lang='lat' dir='ltr'><strong>personis,</strong></span> <span class='ocrx_word' id='word_1_292' title='bbox 1288 3137 1396 3218; x_wconf 89' lang='lat' dir='ltr'><strong>quibus</strong></span> <span class='ocrx_word' id='word_1_293' title='bbox 1427 3157 1478 3200; x_wconf 89' lang='lat' dir='ltr'><strong>eas</strong></span> <span class='ocrx_word' id='word_1_294' title='bbox 1501 3137 1550 3198; x_wconf 86' lang='lat' dir='ltr'><strong>vel</strong></span> 
     </span>
     <span class='ocr_line' id='line_1_32' title="bbox 178 3223 1550 3312; baseline -0.001 -27"><span class='ocrx_word' id='word_1_295' title='bbox 178 3231 288 3304; x_wconf 85' lang='lat' dir='ltr'><strong>partem</strong></span> <span class='ocrx_word' id='word_1_296' title='bbox 308 3225 702 3312; x_wconf 80' lang='lat' dir='ltr'><strong>ipsarumdelegauerimus,</strong></span> <span class='ocrx_word' id='word_1_297' title='bbox 724 3229 935 3309; x_wconf 85' lang='lat' dir='ltr'><strong>persoluentur</strong></span> <span class='ocrx_word' id='word_1_298' title='bbox 957 3234 988 3290; x_wconf 90' lang='lat' dir='ltr'><strong>ct</strong></span> <span class='ocrx_word' id='word_1_299' title='bbox 1008 3231 1052 3289; x_wconf 91' lang='lat' dir='ltr'><strong>sic</strong></span> <span class='ocrx_word' id='word_1_300' title='bbox 1067 3227 1147 3288; x_wconf 82' lang='lat' dir='ltr'><strong>nuile</strong></span> <span class='ocrx_word' id='word_1_301' title='bbox 1163 3224 1238 3286; x_wconf 79' lang='grc'>0011·</span> <span class='ocrx_word' id='word_1_302' title='bbox 1260 3227 1367 3286; x_wconf 91' lang='lat' dir='ltr'><strong>marcis</strong></span> <span class='ocrx_word' id='word_1_303' title='bbox 1379 3223 1550 3304; x_wconf 87' lang='lat' dir='ltr'><strong>persolutis,</strong></span> 
     </span>
     <span class='ocr_line' id='line_1_33' title="bbox 179 3305 1550 3396; baseline -0.002 -26"><span class='ocrx_word' id='word_1_304' title='bbox 179 3313 329 3370; x_wconf 87' lang='lat' dir='ltr'><strong>memorati</strong></span> <span class='ocrx_word' id='word_1_305' title='bbox 351 3308 484 3374; x_wconf 88' lang='lat' dir='ltr'><strong>redditus</strong></span> <span class='ocrx_word' id='word_1_306' title='bbox 507 3313 544 3375; x_wconf 88' lang='lat' dir='ltr'><strong>ad</strong></span> <span class='ocrx_word' id='word_1_307' title='bbox 567 3331 584 3374; x_wconf 90' lang='lat' dir='ltr'><strong>e</strong></span> <span class='ocrx_word' id='word_1_308' title='bbox 605 3319 769 3396; x_wconf 90' lang='lat' dir='ltr'><strong>iscopatum</strong></span> <span class='ocrx_word' id='word_1_309' title='bbox 791 3314 877 3376; x_wconf 90' lang='lat' dir='ltr'><strong>liberi</strong></span> <span class='ocrx_word' id='word_1_310' title='bbox 897 3318 1097 3392; x_wconf 88' lang='lat' dir='ltr'><strong>reuertentur,</strong></span> <span class='ocrx_word' id='word_1_311' title='bbox 1119 3315 1159 3373; x_wconf 90' lang='lat' dir='ltr'><strong>ita</strong></span> <span class='ocrx_word' id='word_1_312' title='bbox 1181 3317 1297 3386; x_wconf 90' lang='lat' dir='ltr'><strong>tamen,</strong></span> <span class='ocrx_word' id='word_1_313' title='bbox 1318 3315 1351 3370; x_wconf 92' lang='lat' dir='ltr'><strong>ut</strong></span> <span class='ocrx_word' id='word_1_314' title='bbox 1373 3325 1449 3370; x_wconf 87' lang='lat' dir='ltr'><strong>anno</strong></span> <span class='ocrx_word' id='word_1_315' title='bbox 1471 3305 1550 3368; x_wconf 71' lang='lat' dir='ltr'><strong>llll‘⁰</strong></span> 
     </span>
     <span class='ocr_line' id='line_1_34' title="bbox 177 3392 1549 3481; baseline 0 -29"><span class='ocrx_word' id='word_1_316' title='bbox 177 3399 324 3456; x_wconf 87' lang='lat' dir='ltr'><strong>transacto</strong></span> <span class='ocrx_word' id='word_1_317' title='bbox 339 3392 390 3473; x_wconf 80' lang='lat'><strong>¹⁷),</strong></span> <span class='ocrx_word' id='word_1_318' title='bbox 414 3397 553 3478; x_wconf 85' lang='lat' dir='ltr'><strong>quicquid</strong></span> <span class='ocrx_word' id='word_1_319' title='bbox 629 3417 742 3462; x_wconf 89' lang='lat' dir='ltr'><strong>summa</strong></span> <span class='ocrx_word' id='word_1_320' title='bbox 757 3404 884 3481; x_wconf 91' lang='lat' dir='ltr'><strong>pecunie</strong></span> <span class='ocrx_word' id='word_1_321' title='bbox 899 3399 1027 3462; x_wconf 90' lang='lat' dir='ltr'><strong>solutum</strong></span> <span class='ocrx_word' id='word_1_322' title='bbox 1041 3395 1138 3474; x_wconf 86' lang='lat' dir='ltr'><strong>luerit,</strong></span> <span class='ocrx_word' id='word_1_323' title='bbox 1160 3399 1189 3458; x_wconf 91' lang='lat' dir='ltr'><strong>in</strong></span> <span class='ocrx_word' id='word_1_324' title='bbox 1204 3393 1421 3474; x_wconf 88' lang='lat' dir='ltr'><strong>redempcionis</strong></span> <span class='ocrx_word' id='word_1_325' title='bbox 1438 3399 1549 3454; x_wconf 87' lang='lat' dir='ltr'><strong>sortem</strong></span> 
     </span>
     <span class='ocr_line' id='line_1_35' title="bbox 178 3477 1548 3566; baseline -0.002 -26"><span class='ocrx_word' id='word_1_326' title='bbox 178 3479 261 3541; x_wconf 90' lang='lat' dir='ltr'><strong>cedat</strong></span> <span class='ocrx_word' id='word_1_327' title='bbox 284 3486 315 3540; x_wconf 89' lang='lat' dir='ltr'><strong>et</strong></span> <span class='ocrx_word' id='word_1_328' title='bbox 337 3489 601 3564; x_wconf 84' lang='lat' dir='ltr'><strong>quantumcunque</strong></span> <span class='ocrx_word' id='word_1_329' title='bbox 624 3484 662 3547; x_wconf 91' lang='lat' dir='ltr'><strong>de</strong></span> <span class='ocrx_word' id='word_1_330' title='bbox 684 3489 749 3565; x_wconf 91' lang='lat' dir='ltr'><strong>ipsa</strong></span> <span class='ocrx_word' id='word_1_331' title='bbox 770 3490 896 3566; x_wconf 88' lang='lat' dir='ltr'><strong>pecunia</strong></span> <span class='ocrx_word' id='word_1_332' title='bbox 919 3487 1050 3546; x_wconf 88' lang='lat' dir='ltr'><strong>extiterit</strong></span> <span class='ocrx_word' id='word_1_333' title='bbox 1065 3479 1106 3557; x_wconf 78' lang='grc'><strong>18)</strong></span> <span class='ocrx_word' id='word_1_334' title='bbox 1128 3498 1187 3544; x_wconf 92' lang='lat' dir='ltr'><strong>non</strong></span> <span class='ocrx_word' id='word_1_335' title='bbox 1205 3479 1344 3556; x_wconf 91' lang='lat' dir='ltr'><strong>solutum,</strong></span> <span class='ocrx_word' id='word_1_336' title='bbox 1366 3477 1548 3540; x_wconf 86' lang='lat' dir='ltr'><strong>tantumdem</strong></span> 
     </span>
     <span class='ocr_line' id='line_1_36' title="bbox 178 3563 1549 3652; baseline -0.001 -27"><span class='ocrx_word' id='word_1_337' title='bbox 178 3563 213 3626; x_wconf 88' lang='lat' dir='ltr'><strong>de</strong></span> <span class='ocrx_word' id='word_1_338' title='bbox 235 3564 399 3627; x_wconf 87' lang='lat' dir='ltr'><strong>redditibus</strong></span> <span class='ocrx_word' id='word_1_339' title='bbox 421 3571 581 3652; x_wconf 81' lang='lat' dir='ltr'><strong>assignatis</strong></span> <span class='ocrx_word' id='word_1_340' title='bbox 602 3578 660 3632; x_wconf 90' lang='lat' dir='ltr'><strong>tam</strong></span> <span class='ocrx_word' id='word_1_341' title='bbox 684 3569 822 3634; x_wconf 88' lang='lat' dir='ltr'><strong>claustris</strong></span> <span class='ocrx_word' id='word_1_342' title='bbox 839 3589 926 3652; x_wconf 88' lang='lat' dir='ltr'><strong>quam</strong></span> <span class='ocrx_word' id='word_1_343' title='bbox 944 3571 1092 3651; x_wconf 85' lang='lat' dir='ltr'><strong>personis,</strong></span> <span class='ocrx_word' id='word_1_344' title='bbox 1115 3565 1222 3646; x_wconf 90' lang='lat' dir='ltr'><strong>quibus</strong></span> <span class='ocrx_word' id='word_1_345' title='bbox 1238 3565 1479 3648; x_wconf 77' lang='lat' dir='ltr'><strong>delegauerimus</strong></span> <span class='ocrx_word' id='word_1_346' title='bbox 1495 3581 1549 3644; x_wconf 88' lang='lat' dir='ltr'><strong>per</strong></span> 
     </span>
     <span class='ocr_line' id='line_1_37' title="bbox 177 3649 1549 3737; baseline -0.001 -27"><span class='ocrx_word' id='word_1_347' title='bbox 177 3654 397 3712; x_wconf 89' lang='lat' dir='ltr'><strong>estimaclonem</strong></span> <span class='ocrx_word' id='word_1_348' title='bbox 419 3651 547 3716; x_wconf 88' lang='lat' dir='ltr'><strong>debitam</strong></span> <span class='ocrx_word' id='word_1_349' title='bbox 568 3657 598 3716; x_wconf 87' lang='lat' dir='ltr'><strong>in</strong></span> <span class='ocrx_word' id='word_1_350' title='bbox 620 3651 801 3737; x_wconf 75' lang='lat' dir='ltr'><strong>proprietate</strong></span> <span class='ocrx_word' id='word_1_351' title='bbox 823 3656 998 3718; x_wconf 88' lang='lat' dir='ltr'><strong>remanebit.</strong></span> <span class='ocrx_word' id='word_1_352' title='bbox 1041 3651 1104 3713; x_wconf 90' lang='lat' dir='ltr'><strong>llec</strong></span> <span class='ocrx_word' id='word_1_353' title='bbox 1126 3650 1258 3732; x_wconf 86' lang='lat' dir='ltr'><strong>predicta</strong></span> <span class='ocrx_word' id='word_1_354' title='bbox 1274 3649 1352 3712; x_wconf 88' lang='lat' dir='ltr'><strong>bone</strong></span> <span class='ocrx_word' id='word_1_355' title='bbox 1368 3649 1549 3730; x_wconf 85' lang='lat' dir='ltr'><strong>episcopalia</strong></span> 
     </span>
     <span class='ocr_line' id='line_1_38' title="bbox 178 3735 1547 3822; baseline 0 -26"><span class='ocrx_word' id='word_1_356' title='bbox 178 3753 192 3796; x_wconf 89' lang='lat' dir='ltr'><strong>a</strong></span> <span class='ocrx_word' id='word_1_357' title='bbox 215 3753 303 3797; x_wconf 87' lang='lat' dir='ltr'><strong>uranu</strong></span> <span class='ocrx_word' id='word_1_358' title='bbox 326 3735 395 3798; x_wconf 91' lang='lat' dir='ltr'><strong>dicti</strong></span> <span class='ocrx_word' id='word_1_359' title='bbox 416 3737 523 3802; x_wconf 91' lang='lat' dir='ltr'><strong>domini</strong></span> <span class='ocrx_word' id='word_1_360' title='bbox 546 3737 579 3803; x_wconf 91' lang='lat' dir='ltr'><strong>H.</strong></span> <span class='ocrx_word' id='word_1_361' title='bbox 602 3745 735 3822; x_wconf 91' lang='lat' dir='ltr'><strong>episcopi</strong></span> <span class='ocrx_word' id='word_1_362' title='bbox 758 3747 879 3822; x_wconf 84' lang='lat' dir='ltr'><strong>receptu</strong></span> <span class='ocrx_word' id='word_1_363' title='bbox 907 3745 937 3802; x_wconf 89' lang='lat' dir='ltr'><strong>in</strong></span> <span class='ocrx_word' id='word_1_364' title='bbox 960 3737 1095 3800; x_wconf 86' lang='lat' dir='ltr'><strong>manibus</strong></span> <span class='ocrx_word' id='word_1_365' title='bbox 1118 3735 1228 3797; x_wconf 90' lang='lat' dir='ltr'><strong>domini</strong></span> <span class='ocrx_word' id='word_1_366' title='bbox 1249 3735 1448 3796; x_wconf 85' lang='lat' dir='ltr'><strong>Friderici</strong></span> <span class='ocrx_word' id='word_1_367' title='bbox 1472 3753 1547 3796; x_wconf 87' lang='lat' dir='ltr'><strong>can-</strong></span> 
     </span>
     <span class='ocr_line' id='line_1_39' title="bbox 178 3818 1556 3908; baseline 0 -28"><span class='ocrx_word' id='word_1_368' title='bbox 178 3825 257 3898; x_wconf 89' lang='lat' dir='ltr'><strong>toris,</strong></span> <span class='ocrx_word' id='word_1_369' title='bbox 281 3820 483 3886; x_wconf 89' lang='lat' dir='ltr'><strong>Gotelridi</strong></span> <span class='ocrx_word' id='word_1_370' title='bbox 505 3823 699 3908; x_wconf 84' lang='lat' dir='ltr'><strong>liiselingi</strong></span> <span class='ocrx_word' id='word_1_371' title='bbox 715 3823 757 3900; x_wconf 80' lang='lat'><strong>¹⁹)</strong></span> <span class='ocrx_word' id='word_1_372' title='bbox 780 3830 914 3888; x_wconf 88' lang='lat' dir='ltr'><strong>canonici</strong></span> <span class='ocrx_word' id='word_1_373' title='bbox 936 3822 1164 3904; x_wconf 86' lang='lat' dir='ltr'><strong>herbipolensis,</strong></span> <span class='ocrx_word' id='word_1_374' title='bbox 1195 3821 1230 3883; x_wconf 89' lang='lat'><strong>0.</strong></span> <span class='ocrx_word' id='word_1_375' title='bbox 1253 3820 1371 3902; x_wconf 90' lang='lat' dir='ltr'><strong>plebani</strong></span> <span class='ocrx_word' id='word_1_376' title='bbox 1394 3818 1432 3880; x_wconf 93' lang='lat' dir='ltr'><strong>de</strong></span> <span class='ocrx_word' id='word_1_377' title='bbox 1454 3819 1556 3881; x_wconf 85' lang='lat' dir='ltr'><strong>hlei--</strong></span> 
     </span>
     <span class='ocr_line' id='line_1_40' title="bbox 177 3904 1548 3990; baseline 0.001 -25"><span class='ocrx_word' id='word_1_378' title='bbox 177 3904 552 3989; x_wconf 79' lang='lat' dir='ltr'><strong>tringin,lliperti²⁰)</strong></span> <span class='ocrx_word' id='word_1_379' title='bbox 568 3916 683 3974; x_wconf 90' lang='lat' dir='ltr'><strong>comitis</strong></span> <span class='ocrx_word' id='word_1_380' title='bbox 699 3907 1126 3990; x_wconf 85' lang='lat' dir='ltr'><strong>dellastele,Friderici</strong></span> <span class='ocrx_word' id='word_1_381' title='bbox 1142 3906 1257 3985; x_wconf 82' lang='lat' dir='ltr'><strong>lillisui,</strong></span> <span class='ocrx_word' id='word_1_382' title='bbox 1279 3904 1548 3988; x_wconf 83' lang='lat' dir='ltr'><strong>lllanegoldide</strong></span> 
     </span>
     <span class='ocr_line' id='line_1_41' title="bbox 179 3989 1547 4078; baseline 0 -26"><span class='ocrx_word' id='word_1_383' title='bbox 179 3989 422 4076; x_wconf 80' lang='lat' dir='ltr'><strong>Wilperg²¹),</strong></span> <span class='ocrx_word' id='word_1_384' title='bbox 452 3994 677 4078; x_wconf 80' lang='lat' dir='ltr'><strong>Manegoldl</strong></span> <span class='ocrx_word' id='word_1_385' title='bbox 701 4003 732 4057; x_wconf 90' lang='lat' dir='ltr'><strong>et</strong></span> <span class='ocrx_word' id='word_1_386' title='bbox 751 3993 970 4078; x_wconf 78' lang='lat' dir='ltr'><strong>llarquarrli</strong></span> <span class='ocrx_word' id='word_1_387' title='bbox 994 3993 1120 4055; x_wconf 85' lang='lat' dir='ltr'><strong>liliorum</strong></span> <span class='ocrx_word' id='word_1_388' title='bbox 1143 4009 1283 4070; x_wconf 86' lang='lat' dir='ltr'><strong>suorum,</strong></span> <span class='ocrx_word' id='word_1_389' title='bbox 1319 3989 1547 4052; x_wconf 82' lang='lat' dir='ltr'><strong>Theoderici</strong></span> 
     </span>
     <span class='ocr_line' id='line_1_42' title="bbox 179 4073 1548 4161; baseline 0.002 -26"><span class='ocrx_word' id='word_1_390' title='bbox 179 4075 486 4161; x_wconf 75' lang='lat' dir='ltr'><strong>schonberg22),</strong></span> <span class='ocrx_word' id='word_1_391' title='bbox 519 4079 681 4144; x_wconf 82' lang='lat' dir='ltr'><strong>llichclli</strong></span> <span class='ocrx_word' id='word_1_392' title='bbox 717 4081 754 4142; x_wconf 92' lang='lat' dir='ltr'><strong>de</strong></span> <span class='ocrx_word' id='word_1_393' title='bbox 785 4079 1026 4156; x_wconf 87' lang='lat' dir='ltr'><strong>Luterbach,</strong></span> <span class='ocrx_word' id='word_1_394' title='bbox 1059 4077 1213 4140; x_wconf 90' lang='lat' dir='ltr'><strong>Ottonis</strong></span> <span class='ocrx_word' id='word_1_395' title='bbox 1245 4077 1283 4138; x_wconf 92' lang='lat' dir='ltr'><strong>de</strong></span> <span class='ocrx_word' id='word_1_396' title='bbox 1306 4073 1493 4140; x_wconf 87' lang='lat' dir='ltr'><strong>Basthelm</strong></span> <span class='ocrx_word' id='word_1_397' title='bbox 1518 4083 1548 4138; x_wconf 92' lang='lat' dir='ltr'><strong>et</strong></span> 
     </span>
    </p>
   </div>
   <div class='ocr_carea' id='block_1_3' title="bbox 0 0 1888 4728">
    <p class='ocr_par' dir='ltr' id='par_1_3' title="bbox 0 0 1888 4728">
     <span class='ocr_line' id='line_1_43' title="bbox 0 0 1888 4728; baseline 0 0"><span class='ocrx_word' id='word_1_398' title='bbox 0 0 1888 4728; x_wconf 95' lang='lat' dir='ltr'><strong> </strong></span> 
     </span>
    </p>
   </div>
  </div>
 </body>
</html>
