3774 4728
634 453 655 486 .
806 493 809 502 ¹
901 353 1118 508 litonumenlu
1260 494 1264 505 ι

785 765 790 793 ;
917 711 1095 790 cccxxi.

313 909 401 980 A'nrro
427 913 529 994 1253„
552 932 659 980 menso
673 913 804 994 Octobri,
828 919 898 994 aput
912 848 1105 994 Herbipolitn,
1128 917 1156 975 in
1181 864 1281 976 rutente
1296 919 1420 976 sanctus
1436 911 1546 975 lloriae
1562 918 1697 997 virginis.

313 1101 527 1174 llerrnonnus
553 1100 806 1197 herbipolensis
834 1097 1148 1196 episcopusvillam
1171 1094 1429 1184 Blintinhasola
1457 1121 1556 1192 quoru
1571 1098 1697 1169 Frirlc-

312 1204 405 1274 ricus
431 1202 474 1274 tle
500 1199 717 1296 Belgerbuch
743 1197 784 1270 ab
810 1201 885 1294 ipso
912 1201 945 1269 in
973 1193 1076 1270 leodo
1100 1194 1263 1283 habebat,
1300 1205 1335 1266 et
1360 1199 1568 1269 monasterio
1596 1197 1697 1268 hals-

313 1304 475 1395 prunensi
489 1299 673 1390 vertetu,
688 1297 797 1371 eidem
813 1299 1024 1387 monasterio
1035 1298 1257 1392 proprietatis
1273 1295 1369 1368 titulo
1384 1295 1530 1386 confert,
1556 1308 1697 1392 recepto

314 1410 471 1473 restauro
499 1423 565 1474 sex
592 1420 786 1474 mansorum
813 1401 847 1470 in
871 1396 1037 1470 liintbach
1064 1405 1099 1468 et
1115 1397 1256 1470 duorum
1277 1416 1472 1468 mansorum
1489 1400 1522 1469 in
1537 1390 1696 1468 Griberc.

413 1569 693 1646 Hermannus
719 1567 773 1642 dci
799 1568 915 1661 gracia
942 1566 1194 1662 herbipolensis
1221 1570 1415 1664 episcopus.
1436 1565 1549 1656 ,utu
1569 1563 1721 1642 nostris'

304 1680 415 1764 peste
442 1667 653 1768 temporibus
679 1678 844 1766 perpetue
870 1665 1063 1740 stabilitatis
1100 1665 1207 1739 robur
1243 1663 1416 1746 obtineant
1454 1677 1488 1738 et
1525 1667 1698 1764 pascitura

315 1762 526 1864 posteritatis
553 1772 751 1841 memoriam
778 1767 973 1860 attingunt,'
1000 1765 1091 1860 solet
1115 1767 1303 1839 litterarum
1332 1769 1497 1839 memoria
1524 1777 1695 1839 sternere.

314 1869 364 1942 lla
412 1879 530 1965 ropter
555 1891 701 1966 presens
726 1870 850 1964 pagina
887 1865 1039 1939 declarat
1078 1865 1295 1962 presentibus
1334 1869 1459 1962 pariter
1492 1877 1527 1940 ot
1560 1867 1696 1954 tuturis„

315 1891 419 2064 quel,
443 1991 519 2042 urm
544 1959 810 2044 liridoricus
836 1965 880 2038 de
903 1965 1157 2062 Beigerbah
1190 1965 1301 2045 tidelis
1325 1966 1698 2042 noster-vendidisset

315 2067 433 2142 villan
457 2067 816 2160 Blintinlraselo‚
841 2087 940 2161 quoru
967 2089 986 2138 a
1012 2064 1111 2140 nubis
1138 2063 1284 2152 habebat
1308 2069 1342 2140 in
1367 2066 1486 2156 feodo,
1514 2087 1696 2144 monas·-

316 2170 434 2241 torio
467 2167 793 2265 holspruuensi
831 2165 961 2240 ordinis
1001 2169 1250 2263 cysterciensis
1286 2167 1483 2242 eistetensis
1520 2166 1698 2264 dyocesis,

316 2266 518 2364 supplioouit
544 2267 644 2345 nobis
670 2267 840 2342 humiliter
856 2277 903 2343 et
927 2265 1066 2357 deurote,
1092 2269 1247 2361 potinus
1273 2268 1381 2364 ipsam
1396 2266 1514 2340 villam
1533 2269 1698 2364 proprie-

315 2369 394 2442 tatis
421 2367 518 2447 titulo
544 2367 636 2442 dicto
661 2368 871 2442 monasterio
907 2363 1157 2441 conferremus.
1206 2363 1280 2454 Nos
1316 2387 1404 2442 vero
1438 2365 1598 2464 precibus
1624 2369 1697 2442 suis

315 2464 499 2561 benignum
525 2469 755 2564 inpercientes
782 2487 962 2542 assensum
988 2476 1131 2562 recepw
1157 2477 1316 2542 restauro
1329 2465 1493 2542 videlicet
1506 2489 1573 2544 sex
1592 2490 1696 2542 men-

315 2587 433 2642 sonuu
457 2572 493 2640 in
517 2566 737 2642 llintboolu
763 2576 799 2638 et
823 2566 965 2642 duorum
978 2570 1223 2640 mansorumin
1240 2559 1442 2640 urthern
1467 2578 1697 2665 coassumpta

314 2668 559 2762 resiguuclons
595 2666 681 2740 ville
717 2664 871 2741 atulam
911 2689 1012 2744 mauu
1048 2664 1238 2756 wadouata
1271 2665 1534 2764 Hedewigis
1571 2671 1695 2745 uxoris

315 2787 399 2858 sue,
436 2788 511 2840 eam
537 2767 708 2863 premisso
734 2769 944 2840 monasterio
970 2769 1187 2864 proprietatis
1212 2767 1311 2843 nuto
1348 2767 1553 2842 contulimus
1591 2769 1696 2865 pleno

314 2867 399 2938 iure.
452 2864 594 2943 Omnem
620 2868 723 2961 igituu
748 2865 994 2963 calumpniam,
1031 2890 1128 2962 quarn
1167 2866 1256 2940 idem
1282 2871 1525 2942 monasterium
1560 2871 1696 2966 inipso

314 2963 398 3038 villa
424 2975 545 3061 posset
568 2969 604 3040 in
629 2975 804 3063 posterum
830 2988 893 3062 per
918 2965 1102 3042 obliuionis
1128 2965 1340 3042 ncommods
1365 2970 1560 3062 sustinere,
1591 2969 1695 3066 plene

314 3073 491 3160 amputare
515 3065 677 3140 volentes
716 3076 911 3162 presentem
948 3071 1105 3165 paginam
1144 3066 1269 3147 exinde
1310 3071 1538 3165 conscriptam
1575 3070 1694 3164 sigillo

314 3173 435 3239 nostro
461 3165 622 3240 iussimus
648 3167 814 3259 insigniri.
867 3165 1011 3242 Testes:
1038 3168 1203 3244 Albsrtus
1229 3167 1273 3240 de
1299 3166 1529 3260 Sterculum,
1564 3169 1692 3242 Frido-

314 3265 406 3339 ricus
432 3261 725 3360 deScheigevelt,
751 3264 830 3340 Otto
843 3266 1055 3357 Wolieslret
1082 3267 1161 3343 Otto
1188 3270 1230 3342 de
1245 3267 1445 3363 Espenvelt,
1471 3267 1695 3364 lilarquardus

313 3361 513 3460 Orpheum,
545 3363 751 3440 Bertltoltlus
774 3364 829 3437 ,do
853 3365 1130 3463 Heitingesvelt,
1155 3371 1335 3446 Heinricus
1374 3366 1416 3440 de
1456 3365 1623 3456 lttlnlueirn
1658 3381 1695 3444 et

313 3461 371 3536 elii
396 3485 494 3559 quam
519 3464 648 3560 plures.
700 3465 825 3538 Actum
858 3467 945 3564 apud
975 3466 1186 3566 llorbipolim
1221 3471 1254 3544 in
1288 3477 1404 3542 ruente
1431 3477 1557 3542 'sonno
1582 3467 1693 3544 llario

312 3564 462 3684 virginis·
483 3585 573 3684 uno
610 3561 729 3659 gracie
763 3563 962 3659 timim,
1002 3585 1123 3644 meuse
1149 3568 1306 3660 Octobri,
1339 3565 1557 3665 pontilicauus
1581 3573 1694 3644 nostri

312 3685 402 3740 anuo
427 3685 595 3740 vrmnruo
622 3687 726 3740 nono.

518 3868 542 3932 C
580 3869 686 3934 tutan
706 3877 826 3936 teucris
859 3871 1011 3939 ecclcsiae
1040 3871 1240 3938 venditionem
1272 3877 1304 3932 et
1335 3871 1523 3954 collationem
1553 3871 1692 3954 elusrlenp

518 3953 558 4040 pt
571 3971 609 4018 ae
630 3955 754 4057 speciali
776 3955 957 4020 documento
979 3955 1179 4025 confirmabat.
