3836 4722
922 455 1140 529 Monumenta

538 660 660 737 martyri
683 701 690 718 .
715 703 722 717 .
746 653 913 740 delegarat,
935 655 1081 738 quosdam
1103 652 1312 718 airdsmnates
1333 670 1407 718 suos
1428 653 1468 716 de
1486 653 1719 718 Waltmmnes-

538 739 658 844 bosen,
682 741 799 846 scilicet
820 738 1006 846 Gundelocb
1028 739 1171 844 liutmun,
1195 738 1375 885 irmingart,
1408 739 1447 802 ad
1477 740 1563 806 altcri
1583 745 1718 822 preciosi

539 833 675 910 martyris
696 825 785 890 buius
807 834 930 890 rationis
954 825 1126 888 conditione
1149 823 1285 888 contradi
1317 830 1359 884 t.
1386 869 1392 881 .
1419 873 1427 888 .
1451 825 1472 859 “

915 1034 1130 1110 uxxxvm
1208 1011 1213 1022 '

917 1170 1005 1232 Anno
1037 1166 1128 1232 1140.

402 1326 585 1400 Embricbo
613 1328 796 1420 opiscopus
821 1326 894 1395 iura
921 1325 1131 1398 censualium
1158 1324 1335 1401 custodiae
1362 1293 1639 1414 ecclesiaosuao

674 1426 885 1496 attinentium
911 1423 1063 1496 declarat
1088 1434 1124 1496 ct
1149 1423 1362 1498 corroborat

428 1551 467 1623 Ο.
519 1550 734 1624 innomine
768 1563 883 1644 sancte
919 1563 955 1624 et
989 1551 1160 1624 indiuiduo
1189 1553 1359 1623 trinitans.
1410 1550 1621 1624 limbrico
1646 1553 1716 1624 itai

330 1651 625 1744 wirceburgensis
662 1651 814 1725 ecclesio
849 1655 1044 1748 episcopus.
1103 1652 1205 1725 Ratio
1247 1649 1407 1722 diuinitus
1446 1649 1547 1723 nobis
1586 1651 1719 1724 credite

331 1753 595 1846 dispensationis
630 1751 828 1846 expostulat
864 1751 1020 1824 omnibus
1055 1761 1172 1842 nostre
1210 1749 1456 1845 speculationis
1493 1749 1644 1845 presidia
1671 1773 1720 1824 ex

330 1851 444 1925 debito
471 1873 532 1942 sue
558 1849 763 1922 conditionis
789 1850 1083 1947 amplectentibus,
1107 1873 1174 1922 nos
1199 1853 1256 1945 pic
1282 1848 1395 1922 studio
1421 1847 1649 1944 respondere,
1676 1871 1719 1921 ac

330 1973 460 2026 summa
485 1950 699 2046 prouidentia
730 1971 775 2021 ne
800 1955 835 2024 in
860 1962 1035 2047 posterum
1062 1973 1125 2022 eos
1152 1953 1268 2022 asnis
1293 1952 1378 2020 iuris
1405 1959 1494 2020 statu
1520 1948 1612 2022 forte
1647 1949 1719 2023 de-

331 2052 460 2124 clinare
486 2053 673 2144 contingat,
699 2049 893 2145 prouidere.
945 2049 1050 2123 Cuius
1075 2053 1128 2122 rei
1154 2049 1442 2144 contemplatione
1475 2057 1593 2120 notum
1633 2071 1720 2123 esse

330 2150 489 2224 nolumus
525 2152 739 2222 uniuersitati
778 2161 853 2222 tam.
880 2153 1089 2246 presentium
1135 2171 1234 2244 mam
1271 2147 1549 2243 subsequentium
1590 2147 1718 2223 Gbristi

329 2249 478 2322 fidelium
504 2249 648 2344 qualiter
673 2249 830 2324 homines
855 2261 973 2342 nostre
1000 2249 1152 2341 custodie
1179 2248 1376 2338 censuales,
1407 2269 1448 2319 se
1488 2247 1718 2342 aliquatenus,

331 2354 365 2422 in
412 2373 475 2422 suo
515 2353 590 2420 iure
631 2373 650 2420 a
684 2348 991 2445 prodecessoribus
1028 2352 1157 2422 nostris
1195 2347 1293 2439 beate
1335 2349 1500 2440 memorie
1541 2351 1718 2444 episcopis

331 2448 587 2537 Alborone,
621 2447 895 2540 Emobardo,
928 2448 1197 2543 lirlungo¹et
1221 2451 1348 2520 ceteris
1375 2445 1654 2542 quampluribus
1683 2452 1719 2520 in

330 2550 470 2624 maulia
497 2551 569 2624 suis
595 2546 793 2642 quibusdam
819 2570 889 2621 non
916 2549 1075 2642 sigillatis
1093 2567 1163 2620 'cxv
1178 2548 1390 2641 negligentia
1415 2550 1550 2642 antique
1574 2548 1719 2643 simpli-

332 2652 442 2723 citatis
457 2650 667 2742 oonscripto,
693 2652 829 2740 grauari
847 2647 1016 2736 uidentes,
1042 2646 1236 2720 rationabili
1249 2647 1336 2742 apud
1360 2667 1426 2720 nos
1451 2669 1515 2720 sua
1539 2650 1717 2742 peticione

333 2745 568 2836 obtinuerunt,
602 2767 698 2819 mam
731 2746 796 2822 sibi
830 2751 997 2822 iusticiam
1029 2751 1240 2844 inposterum
1276 2769 1323 2818 ex
1346 2756 1465 2838 nostre
1505 2749 1719 2821 aucoriutts

332 2846 473 2919 decreto
499 2843 719 2918 corroborari
745 2855 780 2918 et
804 2847 1040 2920 inconuulsam
1065 2845 1310 2942 perpetualiter
1335 2847 1548 2919 conseruari.
1588 2845 1720 2934 Quibus

331 2967 394 3042 pro
421 2945 536 3018 debito
564 2948 723 3040 equitatis
748 2957 938 3020 annuentes
965 2950 998 3017 in
1021 2947 1176 3040 generali
1202 2946 1329 3042 placito
1346 2956 1468 3020 nostro
1484 2967 1530 3018 ex
1544 2967 1723 3022 consensu

331 3043 506 3139 burgranii
532 3045 688 3117 aduocati
703 3049 844 3117 nomine
858 3045 1105 3118 Gotoboldi
1131 3057 1167 3118 et
1191 3069 1238 3118 ex
1257 3049 1425 3119 sententia
1438 3044 1720 3118 beneficiatorum

333 3155 368 3216 et
391 3145 663 3216 ministerialium
695 3154 893 3218 nostrorum
928 3145 1157 3219 satisfecimus
1189 3147 1388 3242 presignato
1422 3148 1474 3218 ais
1496 3156 1540 3217 et
1563 3146 1720 3240 legitime

332 3243 531 3317 confirmata
556 3265 617 3336 suc
644 3243 850 3318 conditionis
875 3249 1026 3336 iustitia,
1050 3255 1089 3316 ut
1124 3244 1287 3318 uidelicet
1321 3249 1409 3318 inter
1446 3265 1510 3318 eos
1543 3245 1720 3320 masculus

333 3365 393 3436 sue
433 3347 532 3436 etatis
572 3344 677 3416 solito
718 3367 826 3418 censu
862 3345 997 3418 annuali
1038 3344 1204 3418 aduocato
1245 3345 1379 3441 prelato
1416 3343 1604 3438 burgrauio
1642 3367 1720 3418 cum

333 3442 464 3520 duobus
506 3443 656 3518 denariis
706 3465 901 3520 mensuram
942 3467 1050 3536 anone
1097 3467 1195 3540 mam
1242 3443 1346 3518 tribus
1395 3441 1538 3518 adiectis
1584 3444 1719 3518 modius

332 3546 431 3639 capit,
457 3543 636 3638 persoluat
662 3553 697 3615 et
722 3547 774 3616 sio
798 3543 886 3616 liber
912 3543 953 3616 ab
981 3547 1072 3616 omni
1100 3545 1238 3618 seruilis
1265 3547 1404 3637 angaria
1430 3547 1615 3618 exactione
1630 3567 1719 3641 per·

332 3653 468 3717 maneat
493 3665 560 3716 nec
584 3665 743 3740 umquem
769 3667 833 3718 eos
850 3643 1036 3718 aduocatos
1055 3645 1113 3716 uel
1134 3645 1255 3740 aliquis
1273 3641 1514 3716 inbeneficiare
1532 3657 1720 3740 presumat,

332 3739 423 3836 quod
448 3746 478 3816 si
503 3743 626 3815 lecerit
651 3743 739 3816 inira
764 3743 846 3820 XV.
863 3743 936 3817 dies
955 3755 1098 3816 uocatus
1114 3747 1296 3840 resipiscat
1318 3753 1352 3816 et
1375 3739 1500 3816 lactum
1527 3748 1561 3815 in
1588 3748 1719 3817 irritum

332 3839 485 3934 reducat,
510 3853 567 3914 aut
592 3847 757 3940 episcopo
783 3841 827 3918 X.
854 3844 981 3917 talenta
1007 3855 1199 3940 componat.
1253 3841 1412 3916 Secundo
1447 3855 1590 3917 uocatus
1626 3867 1719 3916 ean-

332 3937 409 4012 dem
433 3941 551 4034 legom
576 3941 709 4016 subeat.
761 3944 887 4018 Tercio
926 3943 1130 4018 sinendum
1164 3945 1364 4038 resipuerit,
1401 3947 1719 4018 excommunicetur

331 4048 398 4110 iam
431 4039 689 4114 inbeneficiator
725 4065 824 4138 quam
857 4043 1123 4118 irrbenoiiciatus.
1178 4043 1238 4116 Sic
1273 4047 1376 4138 igitur
1412 4044 1568 4138 generali
1606 4048 1720 4119 nostri
