3836 4722
616 334 833 428 episcopatuo
862 329 1153 428 wirziburgensis
1520 337 1567 410 ot

189 552 340 626 persone
355 527 604 604 inbeneficiare
615 533 689 604 sine
704 529 844 606 fratrum
858 531 1157 607 eorreensuuotiua
1177 531 1362 606 eoncordia
1379 545 1413 606 et
1423 539 1572 608 unanimi

187 635 373 726 peticione.
427 628 645 704 traditiones
671 641 782 702 autern
818 633 893 704 siue
924 627 1206 704 commutationes
1231 635 1295 724 iste
1321 633 1409 725 iaotp
1436 645 1574 708 suntet

187 735 382 828 oomposite
409 740 507 802 caute
533 739 568 801 et
593 733 728 822 integre
754 731 787 802 tn
802 732 893 802 areis
920 741 955 801 et
980 733 1087 824 agris,
1114 729 1224 820 siluis,
1250 736 1357 826 pratis
1373 744 1407 804 et
1422 737 1571 830 pascuis,

184 833 248 905 uiis
283 842 318 904 et
343 834 459 918 inuiis,
483 831 518 900 in
545 827 813 902 dimensionibus
841 833 929 919 iuste
953 833 1164 926 patricianis
1190 840 1226 900 ut
1244 832 1519 904 commoditatem
1539 845 1574 906 et

186 931 372 1004 utilitatem
399 933 575 1022 utriusque
587 929 734 1018 ecclesie
759 949 822 1024 per
839 933 996 1024 equitatis
1012 928 1097 1000 libau
1113 934 1145 1000 in
1165 929 1317 1024 legitima
1332 935 1464 1004 iusticia
1481 956 1572 1006 cou-

188 1041 337 1128 poneret
363 1041 400 1102 et
424 1029 526 1122 teges
541 1029 712 1100 ciuilitatis
729 1032 762 1098 in
778 1031 931 1100 terminis
947 1039 981 1099 ot
996 1027 1157 1102 limitibus
1171 1025 1391 1124 utrorumque
1405 1029 1573 1106 bonorum

188 1151 264 1204 eum
291 1131 552 1226 dispensatione
579 1125 815 1200 conuenirent.
868 1127 906 1200 Si
933 1149 998 1221 qua
1023 1132 1126 1220 igitur
1151 1129 1332 1200 infuturum
1359 1130 1574 1203 ecclesiastis

188 1230 406 1306 secularieue
432 1250 584 1325 persona
610 1227 698 1299 hane
722 1237 841 1320 nostre
867 1231 1120 1300 constitutionis
1134 1232 1292 1324 pagiuam
1319 1233 1433 1304 sciens
1453 1239 1573 1302 contra

188 1353 265 1404 eam
293 1341 427 1402 temero
452 1331 669 1424 temptauerit
694 1330 825 1414 uenire,
853 1327 1004 1400 seeundo
1031 1331 1187 1400 ternioue
1204 1333 1423 1420 commonita,
1446 1333 1477 1402 si
1503 1353 1573 1404 nou

188 1430 430 1504 satisfactione
458 1450 611 1521 congrua
638 1423 895 1518 emendarent,
934 1449 974 1498 se
1008 1427 1122 1500 diuino
1149 1426 1272 1499 iudicio
1299 1449 1393 1500 ream
1419 1432 1573 1502 existere

189 1530 232 1602 de
260 1538 457 1626 perpetratu
482 1531 656 1621 iniquitate
682 1537 873 1620 cognoscat
898 1537 934 1598 ot
959 1550 978 1598 a
1006 1531 1239 1600 sacratissimo
1260 1551 1407 1623 corpore
1433 1539 1468 1599 et
1484 1551 1571 1602 enn-

188 1633 295 1724 guiue
321 1629 447 1702 domini
473 1637 509 1699 et
534 1625 588 1698 dei
613 1625 839 1721 redemptoris
866 1629 976 1698 nostri
1002 1625 1195 1698 alienafiat
1220 1637 1321 1722 atque
1357 1631 1391 1698 in
1417 1637 1571 1700 extrema

190 1728 490 1802 animaduersione
516 1725 666 1816 districte
691 1726 812 1796 ultioni
839 1724 1024 1797 subiaceat.
1078 1723 1216 1798 Cunctis
1250 1737 1363 1798 autem
1400 1731 1572 1800 eonstitu-

188 1829 338 1902 tionibus
365 1828 417 1900 his
444 1830 532 1898 iusta
560 1824 775 1898 sernentibus
810 1825 854 1896 stt
894 1833 962 1919 p'ax
996 1823 1123 1896 domiui
1162 1829 1273 1900 nostri
1307 1825 1412 1898 Jhesu
1447 1825 1573 1900 Christi

188 1933 345 2024 quatinus
373 1937 408 2000 et
432 1926 488 1998 hio
512 1925 656 1998 fructum
683 1922 771 2016 bone
798 1926 943 1998 aetionis
975 1927 1163 2020 percipiant
1199 1935 1234 1996 et
1260 1925 1347 2020 opud
1385 1925 1573 1998 districtum

188 2028 333 2100 iudicem
360 2030 503 2122 gratiam
527 2027 711 2096 inueniant.
776 2023 899 2095 Arnen.
960 2023 1066 2096 Huius
1101 2025 1153 2096 rei
1187 2033 1296 2098 testes
1334 2035 1413 2098 sunt
1456 2024 1571 2100 Adel-

186 2127 302 2205 bertus
329 2125 479 2200 marchio
517 2124 558 2196 de
595 2121 771 2212 Saurania,
805 2123 926 2220 Bappo
952 2123 1125 2220 proiectus
1152 2123 1246 2198 urbis
1279 2133 1316 2198 et
1350 2124 1457 2198 irater
1496 2127 1574 2215 einp

186 2227 424 2316 perscrutatus,
452 2225 534 2298 Sino
562 2245 680 2296 comes
706 2221 749 2298 de
764 2221 941 2316 turingia,
967 2221 1360 2320 RupertusdeOastello
1386 2235 1421 2298 et
1446 2223 1576 2300 tratres

187 2329 261 2400 eius
288 2323 504 2398 Hermannus
531 2331 565 2396 et
590 2321 814 2411 odelbertus,
835 2318 1093 2415 eomesErpest
1118 2319 1161 2396 de
1176 2320 1351 2417 Turingia‚
1376 2321 1572 2398 Friderioue

188 2427 231 2500 de
261 2425 508 2518 Truhendigeu
537 2432 572 2496 et
598 2422 808 2496 Adelbertus
834 2419 941 2493 irater
968 2423 1064 2512 eius,
1097 2421 1276 2514 Manaqolt
1309 2421 1353 2494 de
1386 2421 1574 2513 unedoni,

187 2525 318 2601 Currat
342 2526 385 2602 de
411 2522 599 2617 Togata,
624 2521 795 2597 Wottram
819 2520 865 2594 de
888 2519 1134 2610 Bebenhureh‚
1168 2520 1340 2595 Woiiram
1378 2520 1420 2592 de
1445 2521 1573 2594 Wert-

187 2625 279 2700 heim
317 2636 353 2698 et
377 2624 437 2700 elii
469 2623 565 2699 ruolti
601 2621 709 2712 libero
747 2619 952 2696 conditionis
985 2623 1061 2694 uin'.
1111 2620 1354 2694 Ministertalea
1388 2619 1436 2692 irii
1470 2627 1571 2694 sunt:

187 2726 339 2814 Riowint
365 2726 478 2818 tang,
501 2723 650 2810 uitium,
670 2719 768 2810 Eho,
791 2715 989 2810 narratu,
1013 2717 1154 2796 Richoli
1178 2729 1213 2792 et
1235 2720 1296 2792 etii
1319 2720 1427 2794 inuiti.
1477 2719 1580 2794 Hune

191 2834 455 2906 saumonem
488 2822 595 2916 sigilii
627 2824 739 2898 nostri
774 2821 879 2895 titulis
911 2821 1043 2914 signari
1080 2817 1320 2909 damnus,
1355 2830 1392 2892 ut
1428 2842 1505 2894 eam
1538 2822 1575 2897 in

187 2933 366 3020 posterum
387 2987 392 2996 .
415 2945 557 2999 mouere
608 2923 806 3016 inoorrupto
858 2923 1135 2996 eunomiumne.
1201 2919 1290 2992 Data
1333 2917 1576 3008 Wiroebnreh',

186 3044 274 3098 auno
315 3021 442 3104 donni
466 3017 1064 3107 uoco-xue·vttt1⁰·,taurouaus
1088 3014 1193 3108 Hk,
1218 3029 1386 3111 regnante
1412 3018 1573 3094 Grmrado

187 3123 422 3202 Romanorum
446 3145 545 3216 rege.
560 3120 725 3211 securata⁹
749 3141 840 3194 anno
866 3122 966 3213 regni
993 3121 1068 3201 dtu
1094 3115 1311 3192 duodecimo.
1553 3138 1557 3154 ·

397 3303 493 3393 Sigttti
510 3307 655 3388 tmpressi
674 3256 745 3388 pare
767 3305 907 3384 superior
928 3307 1041 3366 tautum
1065 3257 1160 3377 adest
1278 3331 1281 3336 ·

359 3392 363 3401 ¹
397 3418 515 3486 Pturtes
538 3417 649 3482 edttenu
669 3423 720 3492 eet
740 3415 799 3482 toa
821 3415 1048 3493 menum,
1072 3431 1100 3478 e.
1123 3433 1171 3497 q:
1193 3417 1230 3478 in
1251 3412 1357 3496 ttatg.
1378 3411 1460 3558 spic.
1496 3411 1571 3475 seut.

394 3501 427 3569 11.
452 3501 508 3568 Th.
537 3522 577 3588 p..
600 3497 661 3568 941
715 3521 752 3567 au
783 3506 814 3566 iu
834 3499 928 3578 libro,
959 3503 1007 3562 out
1036 3499 1157 3564 tttulus:
1187 3497 1287 3586 Frage
1318 3497 1357 3563 ab

397 3587 516 3654 Ebrach
535 3579 594 3652 etc.
623 3549 704 3652 1756
727 3585 777 3652 iot.
801 3605 829 3668 p.
852 3579 916 3648 248
936 3583 992 3650 Nu·
1013 3581 1048 3648 V.
1413 3515 1447 3560 ff
1479 3496 1571 3601 me}
