3768 4728
262 353 334 427 aad
822 349 1037 424 hionrrnrenta

262 559 318 652 qui
345 576 408 650 pro
434 554 667 626 mercimoniis
695 555 745 624 ire
773 563 1001 626 consueuerat
1028 557 1062 624 in
1087 551 1339 640 Frontiana,
1360 549 1523 646 quandam
1550 571 1642 626 con-

260 654 472 727 suetudinem
514 653 732 750 approbatam
779 653 1035 727 considerasset·
1074 659 1107 725 in
1154 651 1304 749 partibus
1341 651 1545 740 Frentie,
1586 651 1642 724 uhi

261 759 370 828 omnis
399 757 519 842 uirtus,
547 777 612 848 que
639 753 680 824 ad
707 753 760 824 dei
788 755 932 847 gloriam
968 765 1002 824 et
1036 759 1109 825 cius
1146 753 1387 826 excellentiam
1422 763 1573 849 spectat,
1608 756 1641 824 in

259 865 455 929 sanctorum
481 854 759 926 uenerationihus
786 866 820 926 et
847 859 879 926 in
907 855 1093 926 diuinorum
1123 854 1335 948 sollempniis
1369 855 1490 948 uigere
1518 853 1642 924 dinos-

259 960 356 1044 citur,
383 966 417 1026 et
444 953 600 1042 uidisset,
627 954 716 1048 qnod
742 955 829 1028 infra
855 959 994 1028 missam
1019 958 1053 1027 in
1080 955 1274 1026 eleuatione
1301 953 1437 1042 hostie,
1462 952 1518 1024 ubi
1544 955 1642 1048 panis

259 1054 602 1128 transsubstantiatur
629 1059 661 1126 in
687 1077 804 1126 uerum
834 1078 957 1151 corpus
985 1057 1109 1127 domini
1136 1057 1246 1128 nostri
1266 1053 1373 1126 Jhesu
1388 1053 1526 1144 Christi,
1553 1075 1641 1124 can-

260 1155 372 1227 delam
401 1155 579 1227 decentem
607 1158 749 1226 ministri
776 1156 891 1226 altaris
919 1167 997 1250 post
1023 1155 1236 1229 sacerdotem
1271 1158 1305 1224 in
1342 1157 1454 1226 uicino
1491 1157 1525 1224 in
1558 1152 1641 1225 satie

256 1259 369 1328 tocius
395 1257 511 1350 populi
539 1256 678 1344 eleuare
707 1267 969 1343 consueuerant,
997 1268 1033 1328 ut
1059 1260 1110 1330 sic
1135 1259 1244 1348 magis
1271 1252 1313 1326 ad
1340 1257 1506 1327 creatoris
1531 1257 1642 1326 nostri

255 1355 389 1427 laudem
417 1357 532 1449 populi
560 1355 696 1427 deuotio
731 1359 919 1446 excitetur,
957 1380 1002 1428 ox
1043 1359 1264 1450 inspiratione
1303 1355 1414 1426 diuina
1449 1363 1641 1427 consuetu-

255 1452 369 1527 dinem
397 1457 488 1527 illios
529 1467 621 1528 terre
657 1459 690 1527 in
725 1456 904 1551 parrochia
943 1481 1028 1544 sua,
1067 1456 1230 1528 videlicet
1264 1459 1298 1526 in
1332 1455 1482 1528 ecclesia
1520 1458 1642 1526 maiori

256 1556 503 1651 herbipolensi,
531 1561 731 1628 conseruari
758 1562 926 1652 cogitans,
952 1557 1155 1654 perplures
1184 1554 1357 1646 candelas,
1384 1579 1467 1650 quas
1492 1577 1640 1628 succes-

258 1660 333 1729 sine
363 1659 435 1729 suis
463 1656 648 1752 sumptibus
685 1657 726 1728 ad
753 1657 860 1730 altare
885 1657 1065 1753 parrochie
1100 1657 1232 1748 tribuit,
1268 1655 1445 1728 euidenter
1479 1657 1640 1749 ostendit,

257 1755 353 1850 quod
387 1777 448 1851 per
473 1756 666 1828 huiusmodi
693 1757 972 1830 consuetudinem
1011 1762 1044 1828 in
1085 1757 1201 1853 populi
1241 1755 1478 1828 deuotionibus
1519 1766 1640 1834 summi

257 1855 490 1951 redemptoris
517 1857 694 1952 ampliatur
721 1858 852 1952 gloria,
879 1871 913 1930 et
938 1871 974 1931 ut
1001 1857 1234 1944 consuetude,
1275 1879 1340 1950 que
1375 1859 1420 1928 ita
1456 1859 1640 1954 approbata

256 1960 399 2047 exstitit,
425 1957 549 2030 ibidem
576 1961 701 2051 iugiter
735 1959 959 2048 obseructur,
998 1979 1096 2028 manu
1135 1955 1387 2030 buchar-dis
1423 1962 1543 2032 uxoris
1577 1983 1639 2036 sne

257 2056 444 2130 coadunata
462 2062 524 2130 tria
538 2062 658 2152 iugera
673 2063 849 2132 vinearum
869 2081 929 2131 suu
946 2061 1094 2154 propria,
1122 2062 1185 2130 sita
1201 2067 1278 2151 aput
1291 2055 1350 2126 llo
1363 2081 1383 2129 n
1395 2081 1414 2128 c
1425 2081 1445 2128 n
1456 2059 1639 2152 graban,

256 2156 299 2228 ad
325 2158 430 2230 altare
456 2158 637 2254 parrochie
663 2159 797 2231 tradidit
824 2159 885 2234 suh
914 2183 953 2230 oa
981 2159 1112 2248 dorma,
1148 2167 1184 2229 ut
1208 2161 1284 2252 ipse
1319 2167 1353 2226 ct
1386 2181 1477 2229 vxor
1518 2174 1640 2234 suaet

258 2257 315 2327 ulii
356 2257 495 2352 quilibet
533 2259 729 2332 eorumdem
765 2263 923 2353 jugorum
964 2280 1192 2356 possessores
1230 2261 1377 2352 qrrinque
1414 2257 1518 2330 libras
1558 2284 1639 2332 cere

255 2360 351 2428 annis
381 2359 525 2452 singulis
553 2359 631 2431 inde
658 2361 794 2432 soluant
821 2360 861 2430 ad
888 2357 1077 2431 huiusmodi
1104 2380 1240 2429 cereum
1267 2355 1478 2450 faciendum,
1515 2363 1570 2454 qui
1605 2365 1638 2433 in

262 2479 302 2530 se
328 2453 465 2529 habehit
490 2469 560 2532 tres
587 2457 691 2532 libras
719 2481 799 2531 cere
827 2469 966 2547 tantum,
993 2462 1118 2530 eterit
1144 2462 1240 2552 quasi
1266 2458 1449 2532 funiculum
1474 2461 1641 2556 triplicem

259 2558 301 2627 de
329 2580 409 2628 ocra
435 2558 559 2629 iactum
585 2559 728 2650 habens,
756 2570 790 2630 et
816 2582 890 2630 carm
906 2562 1115 2631 consumitur
1129 2580 1237 2652 usqne
1252 2557 1294 2628 ad
1307 2563 1525 2652 quantitatem
1540 2565 1640 2636 vnius

258 2655 357 2747 libre,
385 2657 426 2728 de
455 2681 534 2728 cera
563 2659 699 2731 residua
727 2669 904 2732 reseruata
931 2659 1142 2755 ampliabitur
1167 2681 1229 2752 per
1254 2679 1498 2753 possessorum
1524 2665 1641 2754 vinee,

255 2761 301 2827 itu
329 2756 419 2850 quod
445 2760 565 2828 iterum
593 2769 663 2831 tres
678 2763 864 2856 contineat
889 2762 923 2830 in
950 2759 1129 2847 selibras3
1156 2768 1191 2829 et
1217 2781 1339 2830 cereus
1353 2759 1508 2834 eleustus
1534 2771 1641 2835 tenc-

262 2856 351 2926 hitur
376 2879 484 2950 usque
511 2857 552 2928 ad
579 2861 768 2930 orationem
802 2857 1027 2947 dominicam,
1063 2883 1126 2954 qua
1168 2861 1300 2952 incepta
1331 2863 1486 2954 protinus
1519 2866 1640 2935 extin-

258 2965 389 3049 quetur.
441 2955 484 3026 Ut
523 2961 637 3052 itaque
671 2957 750 3028 dicti
786 2958 1022 3032 Wolsmari
1062 2969 1096 3032 et
1136 2962 1257 3032 uxoris
1298 2982 1361 3032 sue
1397 2961 1640 3038 Luchardis

262 3054 421 3144 donatio,
456 3077 553 3148 quarn
579 3058 735 3129 iecerunt
760 3057 802 3129 de
829 3057 933 3130 tribus
955 3059 1147 3154 jugeribus,
1172 3082 1242 3132 nou
1269 3059 1405 3132 excidat
1430 3085 1449 3132 a
1475 3066 1641 3135 memoria
1667 3135 1671 3141 ,

257 3153 451 3245 hominum,
491 3167 524 3228 et
559 3157 778 3230 deuotionum
816 3161 926 3230 tocius
963 3160 1078 3255 populi
1119 3159 1196 3232 talis
1224 3163 1386 3236 excitatio
1420 3167 1456 3236 in
1495 3163 1640 3238 salutern

257 3257 499 3349 proprietatem
540 3256 731 3330 huiusmodi
777 3256 970 3332 donantium
1013 3271 1165 3335 transeat
1201 3264 1407 3352 animarum,
1466 3274 1640 3338 rosentem

258 3353 405 3426 litteram
433 3378 607 3450 supereo
635 3367 670 3428 et
694 3357 783 3429 dicte
808 3360 989 3453 parrochie
1027 3371 1062 3432 et
1095 3365 1292 3434 memoratis
1327 3287 1579 3440 Wolbmaro
1605 3376 1641 3438 et

258 3453 481 3526 buchardi
517 3479 558 3526 ac
595 3478 712 3528 eorum
737 3457 918 3532 heredibus
945 3465 1180 3536 concessimus
1207 3465 1240 3534 iu
1263 3467 1507 3555 testimonium,
1534 3465 1640 3560 sigilli

259 3558 370 3626 nostri
397 3566 432 3626 et
457 3555 663 3628 Heinriei
689 3559 901 3652 parrochiani
929 3563 962 3632 in
989 3559 1213 3632 Wirzeburch
1233 3565 1637 3638 munimineroboratum.

262 3655 407 3728 Testes:
434 3655 647 3746 Herbordus,
673 3657 871 3732 Richalmus
899 3643 934 3731 e't
959 3659 1155 3735 Gotel'ridus
1181 3663 1354 3756 Hacones,
1379 3659 1638 3738 Marcbwardus

260 3753 437 3850 Orphanus
466 3761 694 3848 camerarius,
727 3759 907 3831 llcinricus
935 3761 1154 3853 wolfoldus,
1192 3763 1334 3835 Richoli
1367 3763 1409 3835 de
1442 3763 1639 3858 Isenhoien,

259 3855 432 3928 lohannes
459 3859 633 3950 pincerna,
660 3858 839 3931 Heinricns
865 3859 953 3933 hlius
969 3864 1143 3956 pincerne,
1168 3861 1347 3938 Ehhardus
1373 3864 1461 3939 iilius
1484 3865 1639 3962 dapiferi,

259 3953 379 4052 Boppo
406 3955 449 4028 de
475 3955 710 4048 Bubenherch,
734 3957 927 4035 Fridericus
954 3961 1076 4054 Rufus,
1101 3960 1340 4038 Hiltebrandus
1356 3963 1445 4042 lilius
1460 3965 1638 4058 Othnandi,
