3768 4728
645 339 864 440 episcopatus
884 335 1185 437 wiziburgensis.

822 679 1014 758 CCXCVII.

702 853 791 920 Auno
816 849 920 935 1248,
943 848 994 918 26.
1016 853 1138 938 Aprtlls.

224 1006 436 1086 hermannus
473 1007 725 1108 herbipolensis
764 1011 936 1085 ecclesiae
976 1015 1160 1110 episcopus
1197 1009 1288 1084 bona
1323 1013 1359 1084 in
1394 1009 1605 1106 Ulsenbeim,

224 1110 340 1184 villam
367 1105 601 1200 Wristvilden,
626 1107 725 1184 XXX
751 1114 872 1206 iugera
898 1115 1077 1188 vinearum
1104 1133 1179 1186 oum
1203 1114 1275 1184 vini
1302 1109 1446 1202 decima,
1471 1123 1607 1192 montes

226 1209 408 1310 Wielberg
459 1223 493 1286 ct
534 1209 756 1308 Sterrinberg
808 1235 883 1284 oum
926 1212 1026 1288 silvis
1064 1215 1252 1286 aestimatis
1293 1211 1335 1284 ad
1378 1209 1440 1285 XC
1485 1217 1607 1309 iugera

225 1311 460 1388 commutando
488 1336 507 1386 a
533 1323 706 1386 conventu
731 1315 932 1387 monasterii
960 1313 996 1388 S.
1023 1313 1131 1388 Marci
1168 1311 1318 1387 suburbii
1353 1310 1606 1408 herbipolensis

221 1417 375 1510 acquirit,
402 1411 485 1490 dens
513 1411 683 1487 eidemin
709 1423 901 1486 rostrorum
927 1415 1078 1486 vinetum
1104 1411 1166 1487 sub
1193 1413 1312 1486 Steine
1331 1411 1419 1509 apud
1442 1411 1607 1507 Karistoi,

223 1517 432 1588 aestimatum
460 1511 502 1588 ad
527 1511 684 1588 LXXXV
709 1517 850 1608 iugera,
885 1537 999 1586 aream
1036 1517 1070 1587 in
1095 1513 1267 1604 Karistat,
1304 1511 1469 1586 decimam
1501 1517 1607 1592 terior

218 1613 327 1701 ,vittae
355 1617 391 1688 in
415 1613 562 1704 Rieden,
590 1624 625 1686 et
651 1635 765 1688 aream
782 1611 904 1686 ibidem
922 1613 963 1686 ed
978 1617 1105 1688 curiam
1133 1613 1340 1686 ethorreum
1359 1601 1603 1714 praeparandis,

434 1726 468 1788 et
493 1719 634 1812 insuper
658 1711 748 1788 LVII
774 1715 894 1812 iugera
919 1714 1043 1790 foresti
1068 1717 1104 1788 in
1130 1711 1389 1812 Crumphisneit.

318 1851 344 1924 l.
370 1875 406 1926 n.
433 1850 464 1923 d.
493 1874 523 1925 a.
586 1853 869 1926 Hermannus
911 1853 966 1926 dei
1003 1856 1120 1947 gracia
1159 1851 1413 1949 herbipolensis
1452 1851 1605 1928 eclesie

214 1953 416 2049 episeopus.
467 1951 512 2026 Et
538 1956 568 2026 si
595 1951 699 2026 offint
723 1957 834 2026 nostri
860 1952 975 2028 debito
1004 1956 1135 2028 cunctis
1161 1952 1262 2028 nobis
1290 1951 1432 2030 subditis
1446 1974 1511 2048 pro
1531 1954 1603 2046 suis

220 2051 397 2126 teneamur
421 2056 573 2147 negotiis
606 2053 737 2126 iauoris
770 2057 882 2128 nostri
922 2058 1065 2149 gratiam
1091 2056 1277 2150 impertiri,
1315 2057 1464 2128 maxime
1489 2063 1603 2132 tamen

212 2153 362 2227 *studium
389 2151 493 2228 cilicii
517 2157 628 2246 nostri
654 2154 847 2227 exuberare
874 2153 975 2229 dehet
1001 2159 1093 2230 circa
1118 2154 1223 2245 illos,
1257 2157 1313 2249 qui
1347 2153 1467 2228 seculo
1494 2153 1602 2246 dero·

218 2249 299 2327 licto
327 2253 395 2328 soli
420 2253 581 2327 uolentes
606 2254 672 2327 deo
698 2254 875 2344 inmolari,
909 2255 1090 2349 religionis
1118 2265 1153 2328 et
1178 2265 1298 2330 sancte
1325 2256 1602 2348 conuersationis

217 2351 363 2427 habitum
388 2361 658 2452 assumpserunt.
708 2351 853 2427 Nouerit
876 2358 980 2449 igitur
1007 2357 1155 2434 omnium
1173 2353 1519 2446 'christtbdetmm
1531 2365 1603 2447 papi

216 2458 423 2552 presentium
450 2465 546 2546 etos,
578 2475 676 2550 qoam
691 2477 909 2553 successuro
932 2455 1123 2534 taurorum
1149 2457 1359 2550 posteritas,
1398 2453 1488 2550 quod
1508 2476 1603 2548 ,oppa

215 2554 343 2630 dilecte
369 2559 403 2628 in
428 2555 566 2629 Christo
594 2577 737 2629 sorores
770 2553 1079 2650 irmengardis
1112 2553 1321 2640 uenerabilis
1339 2636 1343 2642 Δ
1358 2557 1542 2649 priorissa,
1560 2575 1603 2648 ac

217 2662 308 2729 totus
334 2667 524 2730 conuentus
551 2658 750 2730 monasterii
785 2659 896 2730 saneti
920 2657 1028 2732 Marci
1054 2653 1206 2731 suburbii
1231 2653 1484 2750 herbipolensis
1511 2651 1602 2761 borpu

212 2757 250 2830 -is
270 2756 550 2848 -Vlsiaheim,
588 2779 655 2852 quo
687 2757 779 2830 hone
805 2760 971 2832 memorie
996 2754 1248 2831 bertoltus
1274 2753 1318 2829 de
1344 2752 1601 2831 Vtsrnhotn

216 2857 385 2963 ingennus
412 2857 632 2947 adolescens,
658 2857 765 2930 irater
788 2855 910 2931 domus
935 2856 1236 2944 Thoutonicornm,
1264 2854 1342 2941 dum
1368 2854 1477 2928 adhuc
1491 2876 1600 2930 socu-

215 2954 279 3030 lari
299 2956 419 3030 hhbitu
445 2969 481 3032 et
506 2956 614 3031 libera
647 2957 817 3031 bonorum
841 2979 980 3033 suornm
1007 2957 1264 3053 dispensatione
1291 2955 1476 3050 gauderet,
1501 2955 1600 3052 'dicto

209 3062 446 3150 monasterio,
478 3061 574 3134 cuius
610 3058 816 3152 religionem
851 3069 887 3132 et
910 3056 1058 3136 hobitum
1085 3067 1194 3133 mater
1220 3060 1295 3142 eius
1320 3055 1600 3150 Adelheldis

208 3169 370 3232 matrona
407 3157 532 3233 nobilis
569 3181 611 3230 ac
648 3159 713 3233 due
753 3157 823 3230 filie
864 3161 938 3234 eius
965 3157 1230 3252 Hedewigis
1271 3167 1306 3230 et
1343 3153 1599 3247 Gertrudis,

215 3279 359 3338 sorores
384 3258 614 3350 hlarholii,
648 3269 929 3355 assumpserant,
970 3257 1014 3332 ob
1052 3280 1148 3354 spem
1187 3267 1384 3337 eternorum
1409 3254 1600 3333 liberaliter

214 3359 350 3438 tradidit
376 3369 411 3432 et
436 3360 547 3434 libere
571 3358 780 3456 possidenda
804 3358 968 3455 reliquid,
1002 3369 1212 3434 commutare
1245 3379 1308 3455 pro
1341 3357 1412 3432 looi
1442 3354 1599 3434 distantia

213 3459 428 3552 intenderet,
466 3471 500 3535 et
538 3464 610 3534 suis
647 3462 795 3535 vicinius
822 3458 1010 3534 commodis
1037 3458 1216 3555 adoptare:
1260 3479 1326 3534 nos
1367 3479 1444 3532 oum
1476 3467 1597 3534 nostro

214 3559 361 3659 capitulo
388 3559 615 3634 discussionis
642 3569 786 3634 tractatu
810 3557 1003 3657 prehabito,
1026 3563 1197 3634 intuentes
1230 3559 1409 3632 utilitatem
1445 3556 1598 3645 ecclesie

212 3672 346 3753 nostra,
372 3667 469 3737 cuins
495 3664 660 3734 terminos
689 3684 730 3733 ao
754 3671 942 3758 prouentus
958 3660 1124 3758 ampliare
1149 3681 1215 3736 uos
1233 3658 1412 3746 condecet,
1439 3679 1596 3744 accom-

206 3756 409 3838 -moditotem
437 3761 516 3837 dieti
542 3763 742 3836 monasterii
766 3760 1002 3850 attendentes,
1035 3781 1150 3858 super,
1169 3756 1451 3857 possessionibus
1479 3755 1597 3853 dandis

214 3871 248 3938 at
273 3863 480 3960 accipiendis
508 3861 662 3956 diligenti
688 3865 904 3938 estimatione
929 3860 1137 3959 prehabita„
1156 3882 1231 3944 oum
1257 3858 1345 3947 dicto
1369 3861 1599 3956 priorissept

213 3971 385 4042 conuentu
410 3967 484 4042 eius
510 3962 602 4040 bone
627 3962 747 4039 eadent
787 3962 830 4038 de
861 3962 1016 4041 consilio
1040 3973 1102 4042 ,ct
1116 3959 1293 4048 eulmine
1324 3963 1439 4076 nostri,
1461 3941 1599 4077 hillidii
