3768 4728
326 401 399 473 278
881 395 1098 472 Monumentc

324 597 412 672 absit
444 605 535 670 tanta
568 593 623 666 dei
657 596 773 689 gracia
804 553 926 668 nostre
958 593 1154 688 neglienoie
1177 589 1594 688 tenebrislobvmbretur,
1635 617 1702 692 pro

324 699 590 772 canoninacione
603 697 708 789 ipsius
725 689 752 787 ¹)
762 692 804 764 de
815 695 1021 790 prelatorum
1030 703 1065 766 et
1076 703 1268 787 magnatum
1278 703 1369 765 terre
1381 694 1527 768 consilio
1542 693 1702 767 duximus

323 795 556 870 laborandam.
609 793 692 866 (lum
718 795 821 887 igitur
846 794 887 866 ad
913 795 947 868 id
972 794 1123 867 ecclesie
1148 803 1267 866 nostre
1299 795 1438 888 proprie
1471 817 1540 866 rron
1567 795 1702 891 subpe-

324 907 396 970 tant
420 895 619 983 facultates,
656 917 734 966 nam
768 917 831 989 pro
865 895 987 968 codem
1019 896 1169 987 negocio
1204 893 1347 988 plurima
1372 895 1437 964 iarn
1465 893 1703 989 expendimnS,

326 1008 360 1069 et
386 995 428 1066 ad
446 995 596 1091 'presens
623 993 763 1066 edificiis
789 993 917 1067 fabrice
940 1005 1059 1066 nostre
1086 1015 1203 1067 sumus
1229 993 1408 1088 plurimum
1432 997 1576 1085 onerati,
1603 997 1703 1068 cuius

253 1137 257 1144 -
325 1099 568 1176 necessitatem
592 1104 834 1188 paternoster
860 1105 895 1166 et
920 1093 1074 1167 dominus
1100 1093 1375 1188 archiepiscopus
1389 1097 1609 1186 moguntinus
1624 1118 1704 1168 cnm

327 1197 404 1270 aliis
430 1193 582 1290 pluribus
608 1196 778 1289 episcopis
804 1195 860 1288 pie
887 1193 1108 1268 considerans
1143 1193 1298 1288 dignatus
1332 1203 1404 1282 est,
1437 1204 1519 1266 vota
1552 1193 1703 1268 fidelium

326 1299 397 1370 suis
424 1297 560 1368 monitis
596 1304 631 1365 ct
655 1293 883 1386 indulgenciis
917 1297 1084 1384 invitare,
1118 1293 1278 1366 volentes
1311 1314 1377 1366 vos
1411 1293 1703 1368 confraternitatis

327 1395 463 1492 capituli
489 1395 597 1468 sancti
632 1393 756 1464 lliliani
791 1396 1030 1488 sociorumque
1073 1395 1146 1469 eius
1187 1403 1222 1464 et
1260 1391 1352 1465 beati
1383 1392 1554 1468 Brvrronis
1586 1400 1704 1491 parti-

327 1497 421 1590 cipes
446 1492 521 1565 lieri
545 1495 754 1582 meritorum,
781 1496 939 1566 mittimus
966 1493 1008 1566 ad
1033 1515 1099 1566 vos
1125 1495 1269 1566 nuncios
1284 1493 1434 1566 ecclesio
1451 1505 1583 1584 nostre,
1609 1495 1704 1567 beati

325 1595 493 1666 Brunonis
520 1603 554 1664 et
578 1591 706 1664 fabrice
732 1597 944 1686 servitores,
968 1603 1152 1688 rogantes,
1176 1602 1376 1682 monentes,
1400 1596 1436 1665 irr
1461 1597 1703 1668 remissionem

326 1695 556 1790 peccaminum
581 1691 681 1766 vobis
706 1695 922 1787 iniungentes
957 1704 991 1765 et
1016 1697 1218 1766 avctoritate
1243 1703 1362 1765 nostra
1397 1692 1461 1766 svb
1494 1715 1581 1788 pena
1615 1719 1704 1768 sns-

325 1795 502 1889 pensionis
525 1790 626 1863 vobis
654 1789 806 1866 districte
838 1797 1085 1890 precipientes,
1110 1804 1274 1886 quatenus
1298 1795 1442 1866 nuncios
1467 1805 1607 1868 nostros
1635 1821 1704 1868 ee-

327 1893 435 1965 clesie
461 1894 653 1965 servitores
680 1914 784 1988 super
808 1905 954 1988 utroque
979 1895 1127 1986 negocio
1155 1895 1332 1964 uenientes
1359 1892 1401 1963 ad
1426 1916 1512 1984 vos,
1545 1895 1703 1970 omnibus

327 1993 403 2066 aliis
429 1991 697 2087 predicatoribus
724 1992 890 2083 exclusis,
915 1993 1063 2086 benigne
1088 1995 1261 2087 recipiatis
1288 2002 1322 2064 et
1347 1991 1527 2088 benignius
1540 2005 1702 2090 pertrac-
1754 2062 1758 2078 ,

327 2077 419 2181 tetis,
446 2089 589 2165 svbditis
616 2095 717 2162 etiam
742 2095 868 2165 uestris
894 2096 928 2164 in
944 2092 1220 2164 confessionibus
1246 2095 1481 2186 iniungentes,
1507 2107 1546 2166 vt
1572 2101 1703 2169 matrici

328 2191 479 2264 ecclesie
506 2190 547 2262 dc
574 2195 647 2264 svis
673 2189 875 2263 subueniant
900 2191 1127 2282 facultatibus,
1153 2195 1355 2264 auctoritate
1376 2207 1565 2290 nostraper
1580 2217 1704 2290 penam

328 2293 696 2363 excommunicacionis
722 2295 963 2386 precipientes,
988 2303 1024 2363 ut
1049 2291 1090 2364 ad
1117 2295 1312 2382 stacioncs,
1344 2315 1426 2388 quas
1452 2298 1565 2368 nuncii
1580 2301 1702 2370 nostri

329 2395 379 2466 cis
405 2389 609 2481 indixerint,
636 2389 849 2464 sollemniter
884 2391 1059 2466 celebrent
1091 2403 1125 2464 et
1162 2394 1245 2488 ipsis
1283 2394 1498 2490 presentibus
1532 2395 1703 2470 humiliter

329 2493 545 2580 conueniant,
571 2490 714 2562 audituri
739 2489 880 2562 uerbum
905 2491 958 2564 dei
986 2503 1019 2564 et
1046 2491 1198 2565 ecclesie
1223 2496 1485 2584 necessitatem,
1519 2506 1554 2567 et
1588 2497 1703 2570 desti-

328 2602 425 2664 natas
449 2593 500 2664 eis
521 2589 756 2684 indulgencias
780 2613 843 2688 per
867 2593 1078 2666 reuerendos
1104 2602 1219 2688 patres
1253 2613 1293 2664 ac
1326 2593 1481 2668 dominos
1509 2595 1703 2694 archiepis-

328 2713 452 2786 copum
477 2695 708 2784 moguntinum
742 2711 783 2760 ae
815 2691 956 2764 aliarum
983 2691 1208 2765 ecclesiarum
1235 2696 1440 2790 episcopos,
1473 2717 1613 2789 quornm
1640 2700 1700 2768 in-

330 2789 528 2884 dulgencies
565 2789 627 2862 sub
661 2789 777 2883 sigillo
808 2801 928 2866 nostro
968 2792 1066 2866 nobis
1103 2791 1287 2866 ostendere
1320 2803 1480 2890 poterunt
1514 2796 1700 2868 euidenter.

327 2893 415 2964 Data
440 2887 627 2984 Herbipoli,
652 2887 808 2962 kalendis
835 2888 1065 2987 Septembris,
1096 2891 1265 2964 indicione
1291 2891 1434 2986 decima,
1461 2918 1548 2968 anno
1576 2895 1702 2968 domini

329 2987 386 3061 ΜΟ·
409 2985 490 3060 00⁰·
510 2989 635 3062 XXX0·
662 2987 765 3078 Vll⁰·,
794 2991 1010 3089 episcopatus
1037 2995 1147 3066 nostri
1173 3015 1261 3066 anno
1288 2993 1361 3067 ΧΠ.

538 3185 712 3254 Hermanni.
720 3194 853 3272 episcopi
875 3190 1003 3276 sigillum
1027 3189 1183 3273 appendet.

420 3435 442 3518 ¹)
464 3441 581 3514 Diploma
604 3443 723 3517 „ipins“.
