3774 4728
347 477 418 552 186
926 473 1144 548 Monumenta

347 700 446 774 quam
472 675 528 747 diu
552 677 694 765 vixerit,
720 673 849 768 absque
876 677 967 746 omni
993 673 1216 747 infestatione
1239 671 1413 770 predictos
1440 667 1591 746 redditus
1617 673 1733 767 quieta

345 775 523 874 possideat
549 785 583 847 et
609 773 757 847 debitum
783 795 949 846 canonem
978 774 1129 847 ecclesie
1144 784 1265 848 nostre
1292 784 1326 845 et
1352 772 1428 848 aliis
1443 771 1618 863 ecclesiis,
1645 777 1735 846 sieut

346 877 533 972 hucusque,
560 875 638 947 inde
663 875 855 972 persolvat.
908 875 993 947 Post
1018 883 1163 946 mortem
1191 897 1277 946 uero
1303 875 1410 968 ipsius
1436 876 1618 967 possessio
1644 896 1733 968 pro-

346 977 512 1050 diotorum
538 975 733 1071 prediorum
761 974 803 1046 ad
825 975 996 1070 hospitale
1011 973 1238 1069 supradictum
1253 973 1455 1046 deuoluatur
1481 977 1733 1069 etprouisores
1789 1013 1793 1020 ·

344 1077 443 1151 huius
470 1077 649 1172 hospitalis
676 1075 824 1148 debitum
851 1095 1030 1165 canonem,
1057 1078 1145 1147 siout
1169 1074 1312 1147 Berno
1350 1074 1465 1146 multis
1508 1077 1605 1148 annis
1644 1097 1733 1169 per-

345 1179 461 1268 soluit,
488 1177 640 1250 aeclesis
665 1181 786 1249 nostre
811 1185 845 1246 ot
870 1174 945 1247 aliis
973 1175 1134 1248 eeclesiis
1161 1173 1313 1247 debonis
1340 1174 1409 1247 illis
1432 1174 1643 1268 persoluarrt‚
1665 1173 1734 1247 hoo

346 1283 447 1351 etiam
474 1277 630 1368 adiecto,
669 1285 705 1346 ut
740 1277 775 1346 in
809 1278 1044 1349 anniuersario
1082 1277 1197 1369 sepius
1235 1274 1313 1346 dicti
1352 1274 1574 1346 Bernonis
1611 1274 1734 1346 decem

347 1378 449 1452 solidi
476 1377 628 1450 eoelesie
660 1385 781 1449 nostre
814 1385 942 1446 tantum
976 1373 1077 1448 modo
1113 1378 1282 1446 annuatim
1317 1371 1360 1444 de
1392 1372 1492 1446 bonis
1528 1373 1731 1469 supradietis

346 1478 627 1574 persoluentur..
658 1528 666 1546 .

446 1597 571 1669 Testes
598 1593 696 1666 huius
723 1596 795 1664 rei:
830 1591 1043 1664 Thoderious
1079 1592 1274 1687 prepositus
1311 1589 1354 1661 de
1379 1589 1522 1686 Hauge,
1555 1589 1733 1666 Arnoldus

345 1698 541 1793 propositus
576 1691 618 1765 alo
657 1691 923 1782 wolvesbach,
960 1691 1165 1764 Godeiridus
1207 1689 1249 1761 de
1288 1688 1489 1784 llulenberg
1520 1694 1732 1786 prepositus,

347 1794 526 1867 Vakardus
553 1794 769 1884 cellerarius,
794 1793 929 1886 iringus
957 1802 1089 1882 cantor,
1115 1790 1301 1863 Gozwirrus
1329 1800 1363 1861 et
1377 1790 1497 1886 Boppo
1523 1790 1732 1881 fratereius

344 1894 525 1968 Heinrious
554 1904 671 1967 eustos
699 1905 733 1965 et
759 1893 865 1964 irater
891 1895 965 1964 eius
990 1891 1159 1980 Alollas,
1195 1890 1315 1984 Boppo
1342 1893 1580 1984 portenarius‚
1607 1889 1732 1964 Theo-

347 1993 481 2068 derious
506 1993 708 2082 Flosoulus‚
734 1992 900 2066 Albortus
937 1991 979 2062 do
1005 1990 1235 2080 Walthasen‚
1269 1987 1450 2062 Heinricus
1485 1991 1528 2064 do
1560 1991 1732 2085 Augusta,

348 2093 524 2166 Corradus
551 2093 594 2165 do
619 2091 840 2186 Xulenberg‚
869 2091 980 2164 Kuno.
1033 2091 1122 2162 Acta
1158 2099 1236 2163 sunt
1271 2089 1336 2160 heo
1370 2113 1460 2163 anno
1486 2091 1731 2166 incarnationis

214 2279 225 2300 α
350 2193 477 2266 domini
502 2193 561 2266 ΜΟ·
590 2191 672 2264 00⁰·
697 2192 756 2266 Xl.

504 2487 506 2492 Ι
555 2391 601 2454 Ex
623 2391 699 2454 libro
722 2391 830 2474 coplalt
851 2388 1052 2475 Bobenburg:
1075 2387 1125 2452 iol.
1149 2385 1211 2452 322
1233 2389 1284 2452 Nr.
1308 2387 1396 2451 XVll.

952 2831 1130 2906 CLXXXI.

812 3033 900 3096 Λιιηο
925 3029 1016 3094 1212.
1061 3030 1112 3095 24.
1135 3033 1276 3117 Augusti.

353 3215 431 3290 Otto
458 3215 711 3312 herbipolensis
738 3219 921 3312 episeopus
947 3217 1078 3292 Judaeo
1105 3216 1237 3290 Nathan
1263 3216 1397 3290 confert
1424 3225 1539 3290 curtes
1571 3215 1734 3313 quasdam

352 3328 387 3390 et
412 3317 533 3392 domos
560 3338 664 3413 super
692 3317 902 3408 Cornelium,
927 3320 1017 3390 inter
1042 3329 1218 3413 utramque
1244 3318 1391 3413 plateam
1416 3320 1512 3406 sitas,
1540 3315 1582 3390 alr
1600 3317 1732 3392 Judaao

353 3415 502 3515 Bisooph
527 3420 666 3490 nomine
699 3417 742 3488 da
766 3415 1008 3507 potentiores,
1047 3440 1110 3513 por
1134 3418 1353 3492 ludowicum
1387 3416 1429 3490 de
1455 3415 1662 3492 Stolabereh
1699 3428 1735 3492 ot

658 3515 854 3590 Heinriourn
881 3516 923 3589 de
947 3515 1183 3590 Nortonberoh
1208 3521 1413 3612 resignatas.

446 3685 484 3760 G.
536 3687 562 3762 1.
588 3709 622 3760 rr.
650 3711 679 3764 s.
707 3708 739 3759 e.
765 3689 787 3759 i.
815 3697 838 3759 t.
892 3683 994 3761 Otto
1028 3687 1083 3761 dei
1115 3691 1225 3783 gratia
1258 3685 1511 3783 herbipolensis
1537 3689 1732 3783 episcopus.
1861 3676 1870 3697 ‘

348 3782 510 3860 Notum.
539 3843 547 3860 .
575 3843 584 3861 .
611 3785 755 3862 iacimus
784 3841 792 3859 .
820 3842 828 3858 .
857 3841 865 3858 .
893 3787 983 3883 quod
1007 3810 1072 3862 nos
1099 3799 1214 3863 curtes
1234 3785 1395 3884 quasdam
1422 3797 1457 3860 ot
1481 3785 1603 3862 domos
1631 3808 1734 3884 super

349 3883 633 3990 Cornelium,
667 3891 757 3960 inter
795 3897 973 3982 Vtramque
998 3888 1145 3983 plateam
1181 3892 1286 3981 sitos,
1325 3911 1390 3983 que
1428 3885 1601 3960 cuiusdam
1635 3885 1735 3960 Judei

346 3983 547 4161 Bisooph
571 3993 710 4062 nornine
736 3985 779 4060 do
804 3987 1093 4062 Rotenbu'reh
1118 3989 1266 4079 fuerant,
1291 4009 1353 4084 por
1378 3985 1665 4062 Lvdewioum
1691 3987 1734 4059 do

350 4081 483 4162 Stolo
521 4089 633 4163 eroh
658 4099 693 4163 ot
717 4087 975 4162 Heinrioum
1001 4087 1044 4161 ds
1074 4085 1392 4162 Nortonberoh
1418 4091 1611 4184 resignatas
1632 4087 1732 4162 nobis
