3774 4728
578 485 796 586 episcopatus
827 486 1120 593 wirzburgensis.

781 799 920 878 eccll.

749 997 838 1068 nnnc
863 997 954 1068 1262Ὃ

160 1180 295 1281 lriugds
320 1184 573 1285 herbipolensis
609 1191 792 1286 episcopus
831 1189 947 1262 villum
973 1188 1208 1283 Nuwendorl,
1241 1211 1341 1287 quum
1373 1191 1550 1268 llenriuds'

161 1284 203 1358 do
228 1285 414 1362 Zubilstein
440 1288 481 1362 ul
497 1291 648 1364 ecclesie
661 1287 895 1388 herbipolensi
922 1295 956 1364 in
981 1291 1087 1366 feodo
1100 1301 1258 1365 tennernt
1282 1301 1317 1364 et
1332 1296 1543 1367 monasterio

162 1383 365 1462 eberacensi
391 1388 554 1481 dederat,
581 1413 754 1464 consensu
781 1391 916 1487 capituli
944 1391 1056 1466 eidem
1082 1395 1294 1468 monasterio
1323 1397 1543 1490 proprietatis

479 1501 514 1564 et
539 1491 672 1565 liberuo
696 1495 933 1588 possessionis
960 1494 1058 1566 titudo
1085 1493 1230 1567 confert.

259 1659 284 1730 l.
311 1684 344 1732 n.
374 1686 404 1736 s,
431 1685 463 1735 c.
491 1666 512 1735 i.
539 1673 563 1734 t.
590 1687 621 1736 u.
671 1662 850 1760 iringus
879 1664 933 1738 dei
955 1667 1064 1760 gretie
1077 1663 1330 1762 herbipolensis
1347 1667 1544 1762 episcopus.

159 1757 325 1834 Nonerint
350 1755 510 1835 vniuersi·
529 1764 627 1838 liuius
653 1768 779 1860 pagine
805 1768 1036 1860 inspectores,
1063 1765 1153 1862 quod
1179 1787 1256 1837 cnm
1273 1763 1365 1838 hone
1380 1769 1546 1840 memorie

158 1859 388 1936 Henricos
415 1863 458 1936 de
486 1863 747 1940 anilsteiu
774 1864 1190 1956 villsmNuwendorl,
1218 1864 1372 1961 msemsls
1394 1865 1547 1941 enclesis

160 1971 282 2032 nostre
308 1966 417 2036 tenuit
443 1968 477 2036 in
503 1965 630 2057 leudo,
667 1975 702 2038 et
736 1965 892 2038 silnulum
920 1967 1131 2041 adiacentem
1158 1965 1312 2040 dedisset
1335 1970 1546 2040 monasterio

160 2059 451 2154 eberacensi,
478 2066 606 2138 ordinis
634 2071 906 2163 cysterciensis,
944 2091 1008 2166 pro
1043 2067 1198 2142 remedio
1225 2071 1336 2140 enimc
1362 2089 1425 2140 sue
1451 2079 1486 2140 et
1509 2071 1546 2140 in

158 2170 504 2258 reconpensationem
531 2167 774 2262 dampnemur,
812 2191 877 2262 que
913 2169 1073 2240 intulerat
1108 2171 1172 2264 ipsi
1207 2169 1439 2257 monasterio,
1479 2189 1546 2241 nos

160 2262 343 2336 dilectione
382 2269 493 2338 enimc
531 2271 636 2364 ipsius
670 2267 874 2339 Heinrioi
913 2279 948 2340 et
989 2269 1032 2341 on
1068 2272 1297 2341 reuerentiam
1333 2277 1453 2340 ennete
1492 2267 1547 2340 dei

2 2407 3 2442 r
160 2367 349 2457 genetricis
374 2367 482 2440 Muris
509 2379 543 2439 ct
568 2378 708 2464 propter
735 2371 911 2440 erutiones
937 2368 1077 2440 fratrum
1114 2371 1222 2466 ipsius
1248 2371 1449 2441 monosterii
1473 2371 1547 2463 ipsu

160 2463 251 2537 bone
276 2465 440 2539 videlicet
476 2467 599 2540 dictum
624 2467 741 2540 villum
767 2467 1046 2540 vaondorl
1084 2491 1159 2542 cum
1198 2469 1321 2542 siluulo
1360 2466 1549 2542 uocedoeto

161 2587 335 2639 consensu
360 2569 465 2663 pleno
492 2569 631 2664 capituli
656 2572 766 2641 nostri
807 2568 926 2643 demus
965 2568 1055 2642 dioto
1093 2572 1303 2642 munasterio
1329 2569 1547 2666 proprietatis

161 2677 196 2738 et
222 2665 334 2739 libore
359 2671 597 2764 possessionis
632 2669 730 2742 titulo
771 2680 937 2766 perpetuo
973 2669 1193 2766 possidendo.
1226 2667 1282 2742 ⁴lsi
1309 2671 1405 2742 cuius
1431 2665 1546 2740 denn-

160 2769 265 2841 tionis
291 2780 412 2841 nostre
438 2773 668 2844 testimonium
692 2793 838 2866 presens
866 2773 1027 2866 scriptum
1060 2769 1214 2843 dedimus
1240 2772 1306 2866 ipsi
1333 2771 1545 2842 monasterio

164 2865 289 2962 sigillis
327 2881 447 2944 uestro
487 2871 650 2944 uidelicet
691 2881 725 2944 et
775 2871 910 2968 capituli
955 2873 1066 2945 nostri
1111 2869 1253 2944 firmiter
1291 2873 1544 2942 communitum.

161 2968 286 3042 Testes
314 2981 414 3044 snut:
443 2969 621 3046 Conrudus
656 2969 698 3044 de
733 2970 975 3046 Eukersberch
1012 2971 1243 3063 cellerarius,
1285 2969 1463 3044 Gcnrndus
1504 2969 1548 3044 de

159 3067 352 3166 Lvterlserg
367 3082 498 3162 cuntur,
515 3071 741 3168 Menegoldus
754 3071 796 3145 de
807 3071 1030 3146 vaenhuro
1044 3075 1240 3170 prepositus
1258 3075 1367 3145 suncti
1380 3070 1547 3146 Jclrunnis

159 3169 356 3266 ianuge,
380 3173 564 3248 Bertcldus
591 3173 634 3246 de
661 3171 870 3246 Stcrenberc
896 3173 1101 3250 scolasticus
1139 3184 1174 3246 et
1198 3172 1413 3247 Hermuunus
1440 3172 1549 3245 frutus·

2 3359 3 3364 Ἰ
160 3293 255 3360 suus,
281 3271 360 3345 Otto
387 3272 429 3345 de
456 3273 636 3346 Ludeburc
661 3285 799 3366 custos,
826 3273 1001 3348 lohannes
1027 3274 1071 3348 de
1096 3275 1273 3363 Rotonse,
1298 3273 1475 3347 Arnoldus
1502 3271 1546 3344 de

161 3370 345 3467 Spinlreim,
372 3373 571 3448 Waltherus
588 3375 630 3446 dc
647 3374 849 3448 Obercheim
865 3376 1126 3449 ctHermunnus
1154 3373 1197 3447 de
1210 3373 1402 3463 Wiltbenc,
1429 3395 1545 3446 cunu-

159 3475 225 3543 nioi
254 3477 391 3548 maioris
418 3475 570 3548 ecclesie
595 3485 735 3564 nostre,
763 3474 975 3550 Wolirnmus
1002 3475 1127 3550 nobilis
1154 3473 1197 3547 de
1223 3473 1424 3564 annilstcin,
1448 3473 1545 3546 Her-

161 3569 279 3646 mddns
318 3585 353 3647 et
390 3573 556 3649 Albertns
589 3577 714 3650 iratres
753 3576 796 3648 de
835 3575 1085 3668 Scherinlserc,
1120 3577 1301 3650 Heinricus
1328 3573 1459 3670 Vulpes
1501 3571 1544 3646 de

162 3671 396 3766 Svanenberc,
419 3675 661 3772 lluroquerdus
688 3675 865 3772 Orphunus
893 3681 1121 3767 camerarius,
1158 3673 1401 3770 Murcquerdns
1430 3673 1542 3747 Grues

161 3771 312 3870 dupiler,
338 3775 417 3848 Otto
444 3775 675 3866 Wcluiskele,
702 3775 781 3849 Otto
806 3781 968 3874 pincerna
994 3789 1029 3850 et
1054 3778 1111 3849 ulii
1137 3797 1236 3872 quum
1262 3775 1390 3872 plures.
1417 3775 1542 3846 [lutum

162 3897 250 3948 enno
277 3875 507 3950 dominildGC
533 3881 755 3972 sexagesimo
783 3877 948 3969 secundo,
974 3878 1159 3951 indictione
1174 3879 1299 3972 quintu,
1325 3871 1541 3972 pontificatus

162 3979 272 4050 nostri
297 4000 387 4050 nuno
414 3988 548 4051 octauo.
1534 3979 1539 3987 '

373 4107 1549 4218 Si'giilnlringletcupituliinumerisecclcsiaenppcnsnbencconservntusunt·

174 4255 224 4300 Ιοι.
241 4255 294 4297 toto.
311 4253 512 4299 immittens.
527 4255 575 4298 coit.
590 4255 614 4298 to
908 4250 911 4258 '
1160 4206 1204 4291 51
