3776 4730
336 445 409 532 loo
910 441 1130 533 bionumenta

339 658 493 752 Stange,
524 655 718 730 llartliebus
758 668 793 730 et
825 658 882 732 alii
917 683 1014 755 qurum
1050 662 1179 758 plnres.
1230 661 1352 732 Datum
1391 657 1477 755 apud
1507 643 1718 756 herbipolim

336 781 425 830 anno
453 758 581 830 domini
606 757 864 852 MCCLXXVL
893 762 1077 850 indictione
1103 761 1194 854 llll,
1233 764 1333 836 nonis
1368 761 1479 853 lunii,
1504 760 1718 856 pontificatus

333 861 445 934 nostri
471 882 560 931 anno
587 858 750 932 secvndo.

546 1059 682 1145 Sigillum
705 1059 836 1126 Bertoldi
860 1067 993 1146 episcopi
1016 1063 1154 1130 illaesum
1176 1062 1332 1147 appendet.

975 1511 1092 1614 capr.

835 1717 924 1780 nmo
948 1711 1052 1798 nero„
1078 1711 1126 1780 ra.
1148 1713 1228 1780 run.

335 1891 536 1982 Ehehardus
570 1899 614 1974 de
638 1893 824 2000 Roseberg
857 1913 892 1976 st
916 1901 1117 1976 Adelheidis
1155 1923 1246 1976 uxor
1281 1923 1344 1977 sua
1357 1884 1532 1999 'quosdam
1557 1899 1718 1992 redditus,

334 2026 421 2102 quos
455 2004 594 2076 nomine
628 2006 847 2098 proprietatis
871 2001 1115 2102 possidebant,
1155 1999 1197 2074 ad
1235 2023 1354 2078 manus
1396 1999 1522 2076 domini
1565 1999 1717 2076 Bertoldi

384 2101 638 2200 herbipolensis
668 2107 822 2200 episcopi
849 2107 1038 2198 resignant,
1065 2113 1100 2174 et
1126 2101 1167 2174 ah
1194 2106 1270 2200 ipso
1297 2105 1333 2175 in
1357 2101 1461 2176 leodo
1491 2105 1669 2200 recipiunt.

435 2273 460 2347 l.
486 2295 520 2346 n.
549 2271 580 2343 d.
609 2295 640 2343 a.
666 2271 738 2347 Nos
764 2270 1033 2359 Ehehardus
1060 2270 1355 2368 deRoseberg
1382 2271 1716 2366 etAdelheidis‚

334 2397 427 2450 vxor
453 2397 527 2464 sua,
553 2383 715 2447 constare
742 2375 898 2446 uolumus
925 2375 1097 2448 uniuersis
1131 2371 1348 2470 presentibus
1383 2381 1418 2462 et
1451 2373 1597 2466 futuris,
1630 2374 1719 2470 quod

333 2497 435 2550 manu
461 2473 648 2547 coadunata
675 2477 926 2569 resignauimus
954 2473 1077 2546 athiis
1101 2475 1134 2543 in
1161 2475 1297 2569 scriptis
1324 2475 1540 2566 resignamus
1555 2473 1717 2570 quosdam
1823 2552 1827 2580 Ι

335 2575 499 2664 redditus,
526 2595 612 2670 quos
639 2578 777 2648 nomine
804 2577 1021 2672 proprietatis
1046 2571 1263 2670 possidemus
1290 2573 1332 2644 ad
1358 2595 1477 2647 manus
1505 2575 1717 2650 venerabilis

331 2681 440 2774 patris
479 2697 520 2746 ac
556 2674 682 2747 domini
716 2679 827 2750 nostri
852 2675 938 2748 Β...
965 2671 1218 2770 herbipolensis
1254 2677 1430 2772 episcopi²
1470 2673 1633 2752 videlicet
1671 2675 1712 2748 de

334 2775 533 2872 quibusdam
569 2777 733 2872 pomeriis
767 2779 845 2872 aput
870 2773 1153 2861 narrabant,
1192 2773 1290 2846 XXX
1327 2773 1459 2850 solidos
1487 2773 1715 2868 denariorum,

333 2877 575 2970 ultrablogum
601 2876 943 2968 inBogcinliten
970 2878 1063 2947 etin
1091 2874 1434 2966 Schoteinowe‚
1461 2873 1714 2972 dequibusdarn

334 2979 448 3051 vineis
478 2987 513 3048 et
539 2975 615 3047 aliis
641 2973 742 3048 honis
768 2973 863 3048 XXII
898 2975 1028 3048 solidos
1065 2975 1305 3066 denariorum,
1345 2985 1380 3048 et
1413 2973 1553 3048 totidem
1592 2977 1717 3072 pullos,

323 3087 371 3148 et
397 3079 432 3148 in
457 3075 569 3173 platea
595 3073 760 3146 Blecha
785 3073 860 3146 XLa
899 3073 1058 3148 denarios
1098 3086 1132 3146 et
1158 3085 1302 3170 quatuor
1326 3073 1465 3172 pullos‚
1504 3075 1605 3150 salvo
1637 3082 1717 3171 jure

335 3177 480 3249 aliorum
506 3177 673 3248 bonorum
700 3185 896 3248 nostrorum
923 3174 1066 3264 ibidem,
1100 3177 1155 3270 qui
1181 3175 1329 3248 redditus
1356 3179 1390 3249 in
1417 3199 1520 3250 vnum
1547 3183 1717 3274 conputati

335 3299 376 3352 sc
403 3275 589 3349 extendunt
614 3273 656 3346 ad
682 3297 846 3348 summam
873 3279 971 3347 trium
994 3275 1155 3348 librarum
1172 3275 1388 3348 donariorum
1405 3289 1439 3349 et
1455 3275 1500 3350 111
1515 3277 1717 3368 solidorum,

336 3389 372 3450 ct
397 3377 540 3452 cosdem
564 3373 716 3449 redditus
743 3375 784 3448 ab
811 3379 885 3474 ipso
914 3379 947 3448 in
973 3377 1076 3448 leode
1104 3381 1318 3472 suscepimus
1346 3387 1380 3449 et
1392 3381 1599 3474 recepimus,
1626 3401 1715 3452 nos-

337 3497 403 3574 que
429 3487 464 3549 et
489 3487 631 3550 nostros
657 3475 805 3550 heredes
833 3477 894 3551 sub
917 3476 1111 3551 huiusmodi
1133 3481 1212 3569 jure
1228 3475 1409 3572 possidere
1432 3485 1715 3574 recognoscimus

335 3599 399 3674 per
423 3587 617 3674 presentes.
669 3577 760 3650 ldem
790 3599 875 3649 vero
902 3577 1111 3650 venerabilis
1149 3587 1245 3674 pater
1285 3590 1318 3649 et
1353 3575 1508 3652 dominus
1542 3580 1714 3676 predictus

337 3681 371 3750 in
397 3681 741 3772 reconpensationem
768 3677 865 3751 huius
891 3679 1156 3772 resignationis,
1196 3675 1284 3749 bonu
1322 3675 1463 3776 quedam
1494 3691 1527 3752 et
1553 3679 1715 3770 redditus

337 3799 415 3872 que¹
430 3787 465 3850 et
482 3795 568 3872 quos
586 3777 738 3853 dedimus
755 3781 964 3852 monasterio
979 3777 1284 3854 sanctimonialium
1311 3777 1556 3851 inferioris
1573 3779 1713 3870 Gella,

334 3881 404 3976 ipsi
428 3881 652 3971 monasterio,
678 3878 760 3951 licet
785 3881 818 3952 in
846 3877 949 3950 feodo
975 3875 1178 3950 haberemus
1206 3877 1246 3948 ab
1273 3883 1371 3973 ipso,
1396 3881 1614 3974 proprietatis
1637 3884 1714 3974 jure

338 3989 374 4049 et
398 3977 495 4052 titulo
523 3977 614 4050 dedit
640 3989 674 4051 et
700 3981 908 4072 assignauita
942 3979 1095 4074 permisit
1133 3989 1168 4051 et
1191 3981 1352 4072 permittit
1378 3977 1497 4053 eadem
1524 3979 1613 4051 bona
1639 3979 1712 4052 s'iue

338 4077 488 4153 redditus
510 4081 580 4170 jam
607 4077 730 4152 dictum
758 4081 1025 4170 monasterium,
1062 4081 1128 4170 juri
1165 4077 1229 4150 suo
1256 4077 1512 4170 renunciando‚
1549 4081 1711 4178 perpetim
