3838 4728
613 456 832 550 episcopatus
856 453 1154 550 numburgensis.
1519 461 1593 535 558

202 649 245 724 de
270 655 350 749 ipso
374 651 572 728 molendino
605 656 877 750 resignationem
918 654 1021 730 uobis
1058 653 1204 748 iactam,
1241 660 1447 735 contulimus
1485 673 1520 734 et
1555 666 1592 736 in

200 749 267 824 biis
294 756 434 851 scriptis
468 753 676 828 conferimus
714 758 791 828 iure
827 753 923 829 feodi
961 755 1230 852 possidendum,
1270 783 1340 832 nun
1380 759 1591 836 obstantibus

200 850 348 943 litteris,
385 859 416 928 si
442 875 526 948 quas
554 875 659 949 super
684 857 793 950 ipsius
820 856 1008 930 collatione
1032 857 1221 930 molendini
1257 859 1442 950 lleinrico,
1477 860 1593 934 dilecti

199 950 302 1026 uobis
316 953 450 1028 Alberti
465 953 586 1026 decani
611 957 646 1026 in
660 953 785 1049 llavge
809 955 951 1046 famulo,
969 956 1108 1030 dedisse
1123 957 1292 1050 videmur,
1319 983 1404 1055 quas
1424 960 1591 1055 siquidem

199 1061 321 1148 utpute
360 1058 509 1128 venitote
550 1056 654 1126 tacita
691 1059 890 1151 impetratas
932 1061 1223 1151 recognoscimus
1262 1071 1298 1132 ct
1333 1063 1591 1156 pronuntiemus

200 1173 322 1226 cassas
349 1165 385 1227 et
410 1177 532 1227 carere
558 1153 697 1229 roboris
722 1154 890 1228 firmitate.
943 1155 981 1228 ln
1008 1179 1151 1252 quorum
1185 1163 1417 1232 testimonium
1450 1183 1591 1232 memo-

198 1261 275 1325 rato
300 1253 466 1328 lleinrico
492 1254 536 1326 de
563 1252 726 1328 Steinacb
751 1267 934 1352 presentes
970 1257 1105 1331 litteras
1142 1257 1296 1333 dedimus
1334 1263 1446 1334 nostri
1483 1261 1590 1354 sigilli
1735 1281 1738 1286 ·

198 1357 393 1448 patrocinio
421 1357 655 1448 consignatas.
683 1358 807 1428 Datum
821 1356 1013 1453 llcrbipoli,
1039 1379 1129 1430 auno
1144 1358 1272 1432 demini
1285 1359 1347 1434 ll0·
1362 1359 1444 1433 002
1462 1359 1589 1433 LXXX

197 1457 322 1546 tercio,
347 1457 384 1527 in
410 1467 535 1529 octava
560 1453 819 1550 purificationis,
844 1455 1064 1554 pontificatus
1090 1463 1203 1533 nostri
1229 1481 1319 1534 anuo
1346 1483 1452 1535 uono.

409 1653 624 1738 Fragmentum
645 1656 737 1740 sigllll
759 1655 919 1738 appendet.

816 2089 980 2163 GDLXV.

594 2289 683 2352 Auno
708 2285 811 2368 1283,
837 2287 1195 2371 importunitatum.

196 2469 403 2546 bertholdus
442 2471 696 2566 herbipolensis
734 2476 918 2568 episcopus
958 2477 1171 2545 monastario
1213 2477 1248 2546 in
1284 2473 1586 2551 Wetberswiulrel

198 2567 364 2644 decimum
388 2575 424 2644 in
439 2570 612 2668 Wulpaclr
637 2569 680 2643 ub
699 2573 851 2644 ecclesia
876 2572 1111 2668 herbipolensi
1137 2576 1172 2645 in
1186 2573 1325 2647 laudum
1340 2575 1584 2674 procedentem

352 2681 355 2690 “
701 2675 737 2743 iu
762 2675 936 2768 proprium
963 2671 1077 2746 donat.

296 2839 577 2915 Berthcldus
603 2840 659 2913 dei
685 2845 803 2936 gracia
828 2841 1083 2940 herbipolensis
1111 2847 1305 2940 episcopus.
1347 2844 1475 2918 Harum
1492 2849 1586 2920 serie

196 2941 387 3018 litterarum
412 2951 533 3036 patere
559 2947 711 3038 cupimus
746 2945 921 3017 uniuersis
958 2951 1027 3015 tam
1060 2943 1278 3040 presentibus
1316 2965 1415 3038 uptam
1449 2945 1585 3041 futuris,

196 3041 301 3138 quud,
328 3063 403 3115 cum
427 3039 608 3134 lringus
634 3041 677 3114 de
702 3043 909 3116 Brenden
946 3041 1112 3116 decimam
1147 3045 1241 3116 illam
1277 3047 1314 3116 in
1348 3044 1585 3142 Wolpacb,

197 3163 298 3238 quarn
323 3160 344 3216 a
368 3139 470 3216 nobis
497 3153 533 3214 et
557 3143 709 3216 ecclesie
734 3153 855 3216 nostra
880 3147 916 3216 iu
941 3142 1046 3216 leode
1073 3143 1200 3236 habuit,
1226 3143 1361 3220 dilectis
1388 3148 1423 3218 in
1446 3145 1585 3221 Christo

197 3241 432 3316 Clemente
457 3241 632 3317 abbatisse
658 3253 694 3314 et
709 3247 893 3316 conuentni
908 3249 1110 3318 monasterii
1124 3249 1160 3318 iu
1179 3244 1585 3340 Wetherswinlrel‚

195 3353 318 3416 nostre
354 3342 541 3439 dyocesis,
581 3343 711 3416 ordinis
749 3347 858 3418 sancti
899 3344 1090 3436 Benedicti,
1128 3354 1335 3441 procurante
1377 3341 1583 3446 Glnrado

195 3442 290 3516 dicto
317 3443 359 3518 de
385 3442 650 3533 Wulbusen,
676 3444 830 3518 eiusdem
844 3448 1046 3518 monasterii
1059 3449 1250 3541 preposito,
1276 3445 1456 3518 danastro
1472 3445 1583 3521 verbo
1653 3511 1654 3514 ,

148 3623 151 3630 ,
196 3554 233 3618 et
256 3543 397 3616 licentia
421 3541 659 3634 vendidisset,
691 3543 791 3618 nobis
820 3599 855 3615 ..
883 3543 1070 3636 abbatissa,
1107 3555 1298 3620 conuentus
1325 3555 1360 3618 et
1384 3549 1582 3642 prepositus

194 3643 338 3740 predicti
364 3643 537 3716 humiliter
562 3644 813 3739 supplicarunt,
853 3653 890 3716 ut
923 3644 1089 3718 decimam
1117 3645 1261 3719 eandem
1288 3649 1341 3720 eis
1366 3649 1402 3717 in
1426 3645 1583 3739 preben-

197 3743 315 3818 darum
342 3765 479 3818 suarum
505 3741 691 3817 subsidium
723 3745 940 3840 proprietare
978 3749 1053 3818 siue
1078 3749 1113 3818 in
1151 3749 1326 3842 proprium
1363 3745 1502 3818 tradere
1537 3746 1580 3818 do

195 3854 315 3920 nostra
330 3842 544 3940 prouidentia
561 3865 772 3918 curaremus.
807 3844 961 3931 Quorum
974 3845 1132 3940 prolecto
1148 3842 1459 3942 supplicacionibus
1474 3845 1583 3918 fauo-

127 3971 129 3975 ·
197 3943 350 4018 rabiliter
376 3943 528 4018 inclinati
543 3941 731 4039 predictam
748 3944 914 4016 decimam
939 3947 974 4016 in
990 3945 1222 4041 Wolpcch,
1248 3947 1289 4018 ad
1303 3958 1443 4020 nostras
1462 3967 1582 4020 manus

195 4067 259 4142 per
282 4054 507 4120 memoratum
532 4043 733 4138 lriugum
767 4043 880 4116 libere
906 4047 1139 4140 resignatam,
1175 4045 1308 4122 eisdem
1341 4047 1516 4122 abbatisse
1548 4055 1584 4120 et

194 4193 247 4236 lau.
263 4191 317 4232 bele.
331 4191 375 4234 lul.
389 4189 477 4232 mm.
491 4197 538 4231 m.
554 4189 601 4229 ull·
616 4189 642 4232 X.
1200 4145 1251 4218 70
