3768 4728
267 354 339 432 320
845 354 1063 432 monumenta

266 555 516 631 Heinrious
542 553 642 630 miles
669 554 777 630 dietus
803 553 1082 654 Muphelger.
1106 555 1148 629 de
1175 549 1444 629 Seirainuelt
1478 551 1647 628 mediante

266 655 517 728 Woliramo
544 658 706 752 pincerna
741 657 783 728 de
808 655 1083 732 Zauelstein
1122 681 1141 728 a
1175 677 1274 728 nranu
1311 663 1431 728 nostra
1467 657 1503 726 in
1542 653 1647 729 feodo

268 759 400 845 tenuit,
439 765 474 828 et
509 767 639 850 partem
681 757 823 830 alteram
849 757 1033 831 inmodiate
1071 782 1090 828 a
1123 755 1222 830 nohis
1249 759 1283 828 in
1309 754 1413 828 feodo
1439 752 1574 846 hahuit,
1614 767 1649 827 et

268 857 433 952 reliquam
460 867 588 950 partem
614 861 833 953 proprietatis
859 862 997 930 nomine
1023 856 1241 952 possidebat,
1266 876 1328 950 pro
1356 857 1494 948 triginta
1520 854 1648 930 duabus

268 961 393 1029 mareis
420 959 555 1048 argenti
572 969 651 1052 aput
672 959 794 1030 dietum
811 959 1066 1032 Heinrionm
1092 955 1354 1051 iiiuphelger
1377 966 1648 1052 comparassent,

268 1057 356 1130 idem
383 1057 481 1128 miles
509 1056 607 1129 nohis
634 1057 805 1130 humiliter
831 1059 1053 1156 supplicauita
1089 1068 1125 1128 ut
1149 1057 1240 1128 bona
1264 1059 1361 1151 ipsa,
1403 1079 1468 1152 que
1501 1079 1521 1127 a
1547 1078 1648 1128 manu

267 1167 385 1230 nostra
411 1155 557 1229 mediate
584 1161 657 1230 siue
684 1157 864 1230 impediare
890 1163 924 1230 in
950 1157 1053 1230 ieodo
1080 1155 1322 1254 procedebant,
1348 1159 1381 1227 in
1404 1159 1646 1254 proprietatem

269 1257 367 1330 dietis
406 1255 487 1328 dare
522 1256 683 1332 fratribus
710 1259 947 1352 dignaremur,
985 1259 1133 1330 oiierens
1172 1267 1292 1330 nostre
1326 1257 1478 1330 ecclesie
1505 1256 1647 1352 quedam

267 1356 357 1430 hona
384 1379 445 1428 sua
471 1361 609 1452 propria
635 1361 668 1430 in
695 1369 897 1432 restaurum.
949 1357 1021 1431 Nos
1049 1363 1161 1453 itaque
1178 1359 1387 1453 uoeipientes
1408 1360 1647 1431 inrestaururo
1736 1359 1739 1368 '

268 1457 310 1529 ab
336 1461 413 1553 ipso
438 1457 654 1530 Heinrioo
687 1457 776 1532 dioto
810 1457 1073 1554 Muphelger
1108 1456 1249 1552 quedem
1288 1456 1379 1530 bona
1414 1481 1476 1532 sua
1509 1461 1648 1554 propria

267 1557 430 1630 uidelicet
462 1560 495 1630 in
521 1557 764 1630 Blintheim
800 1563 926 1631 euriam
970 1569 1005 1630 et
1043 1581 1149 1651 agros
1187 1557 1229 1630 ad
1269 1556 1355 1629 dnos
1394 1579 1534 1630 mansos
1572 1579 1648 1630 oum

269 1656 409 1753 quadam
437 1657 559 1730 siluuia
577 1659 751 1748 attinente,
778 1683 843 1755 que
857 1658 1026 1731 mediante
1052 1657 1142 1730 dieto
1160 1658 1207 1730 W
1219 1657 1287 1729 oli
1291 1679 1410 1730 ramo
1427 1657 1469 1730 de
1485 1657 1512 1730 Z
1523 1657 1647 1730 auel-

269 1759 390 1830 stein
415 1759 450 1828 in
475 1755 579 1830 feodo
605 1757 808 1855 possidebit,
835 1771 870 1832 et
894 1769 1052 1854 preterea
1069 1779 1169 1830 unum
1185 1780 1335 1830 mansum
1365 1769 1399 1830 et
1418 1756 1648 1830 molendinum

267 1854 598 1949 inuehentem,
623 1882 688 1955 que
715 1882 734 1931 o
760 1883 861 1933 manu
885 1869 1003 1932 nostra
1031 1858 1158 1930 tenebit
1183 1861 1217 1930 in
1241 1857 1344 1932 feodo
1363 1857 1554 1946 inmodate,
1582 1879 1648 1954 que

269 1960 381 2031 omnia
406 1980 506 2032 manu
538 1963 658 2034 uxoris
691 1982 764 2038 sue*
787 1959 1018 2034 diethildis
1057 1959 1099 2030 de
1132 1955 1347 2030 Biheirid
1387 1957 1574 2030 coadunata
1613 1968 1648 2029 et

267 2081 330 2155 per
344 2079 463 2132 manus
482 2053 675 2132 Grinradi
701 2064 806 2156 patris
823 2063 875 2134 sui
892 2071 927 2130 et
941 2059 1019 2130 Hei
1032 2058 1081 2128 he
1098 2056 1124 2149 ¹)
1150 2061 1270 2130 uxoris
1287 2056 1438 2131 eiusdem
1455 2055 1648 2130 Cirnradi

269 2169 304 2232 et
328 2179 511 2254 puerorum
534 2160 718 2233 eorundem
747 2159 956 2250 Girnradi‚
981 2156 1222 2250 Friderioi,
1247 2156 1428 2230 Alberti
1466 2168 1500 2230 et
1539 2157 1647 2230 Ger-

268 2258 415 2332 trudis
442 2257 542 2332 nohis
569 2259 660 2332 dedit
686 2271 721 2333 et
752 2264 788 2334 in
812 2260 965 2332 manibus
991 2259 1206 2330 Bertoldi
1241 2259 1355 2330 militis
1390 2258 1469 2330 dioti
1504 2257 1647 2332 Smie-

268 2361 384 2431 rerii
410 2358 452 2431 de
480 2358 750 2435 Scheinuelt
781 2361 976 2455 recipientis
1011 2369 1131 2430 nostro
1171 2361 1308 2431 nomine
1345 2369 1465 2431 nostro
1497 2357 1650 2431 ecelesia

268 2463 301 2530 in
326 2463 567 2555 proprietatem
595 2463 801 2552 transmisit,
837 2470 872 2532 et
906 2460 1038 2554 recepit
1072 2461 1106 2530 in
1132 2457 1236 2530 feodo
1272 2457 1416 2531 anobis
1451 2467 1486 2531 et
1511 2481 1531 2528 a
1558 2456 1648 2532 dioto

267 2559 541 2650 Woliramo,
577 2565 632 2655 qui
658 2561 736 2632 huie
760 2561 851 2634 iaeto
879 2581 1085 2632 eonsensum
1112 2557 1279 2650 adhibuit,
1319 2569 1354 2632 et
1389 2569 1518 2655 partem
1553 2580 1647 2632 suurn

268 2658 412 2732 anobis
451 2662 486 2731 in
518 2660 621 2732 feodo
662 2664 815 2757 aceepit,
852 2663 958 2756 ipsius
993 2659 1201 2734 Heinrioi
1235 2657 1347 2731 dieti
1379 2657 1649 2754 Muphelger

268 2757 428 2855 precibus
455 2759 623 2848 inclinati,
659 2771 693 2832 et
732 2761 777 2834 ob
802 2761 956 2834 fauorem
992 2762 1144 2856 ipsorum
1178 2757 1320 2832 fratrum
1345 2757 1435 2832 hona
1462 2769 1649 2832 memorata

267 2863 302 2931 in
325 2857 542 2948 Bibelrid
568 2883 634 2954 que
661 2861 703 2932 ad
728 2861 916 2950 cantelam,
956 2883 1031 2931 oum
1067 2881 1186 2934 eorum
1219 2882 1300 2957 pars
1335 2857 1478 2956 quedam
1511 2861 1649 2954 propria

269 2982 330 3032 sua
358 2967 475 3048 esset,
509 2957 608 3034 dietis
643 2960 803 3035 fratribus
829 2983 891 3056 per
917 2983 1035 3032 manus
1062 2959 1150 3032 dicte
1176 2963 1297 3032 rrxoris
1324 2983 1387 3034 sue
1411 2958 1648 3034 Methildis

268 3057 429 3146 dederat,
468 3057 564 3131 salua
601 3060 701 3133 nobis
736 3060 868 3133 deoima
895 3059 1079 3133 eorundem
1107 3059 1297 3148 bonorum,
1337 3063 1370 3132 in
1405 3061 1648 3155 proprietatem

268 3155 419 3229 dedimus
444 3157 597 3251 predicte
621 3160 734 3232 domui
759 3159 937 3258 hospitalis
963 3164 1071 3232 saneti
1087 3159 1252 3234 iohannis
1280 3171 1314 3232 et
1333 3157 1493 3234 fratribus
1510 3181 1648 3231 merno-

266 3259 349 3329 ratis
376 3255 418 3329 de
443 3262 554 3330 nostri
579 3261 715 3357 eapitudi
742 3263 954 3334 oonsoientia
981 3271 1016 3332 et
1040 3261 1172 3332 fauore.
1189 3257 1219 3355 ²]
1260 3260 1405 3332 Testes:
1432 3260 1649 3332 Hermannus

268 3356 416 3430 decanus
433 3361 515 3430 noui
532 3363 743 3448 monasterii,
769 3360 876 3434 irater
892 3359 1067 3434 Cirmadus
1094 3360 1136 3431 de
1156 3359 1311 3450 Bucheltp
1337 3357 1649 3432 iraterFriderious

267 3457 310 3530 de
334 3457 530 3550 Emiogen‚
564 3459 671 3532 irater
702 3459 923 3550 liberandus,
964 3460 1089 3532 iratres
1128 3459 1281 3554 predicte
1314 3459 1434 3532 domtus
1468 3459 1648 3554 hospitalis

268 3559 375 3631 saneti
410 3557 594 3649 iohannis,
633 3559 828 3634 Friderious
867 3559 909 3632 de
941 3558 1158 3649 manherch,
1198 3559 1392 3632 Friderious
1433 3557 1650 3656 iiuphelger,

266 3657 482 3731 Hermannus
509 3657 551 3728 de
576 3657 784 3750 Bebendorf‚
812 3653 987 3733 Grinradus
1012 3658 1227 3754 Muphelgen
1254 3659 1435 3731 Heinrious
1462 3659 1649 3732 aduncatus

268 3757 310 3829 de
336 3755 601 3830 Swartzenhero
617 3754 659 3851 ὃ),
684 3759 863 3832 Gernodus
891 3757 1119 3848 Steinhoueh,
1147 3757 1225 3831 Otto
1252 3757 1473 3849 Woiieskeh
1499 3757 1579 3830 Otto
1605 3757 1648 3832 de

265 3857 474 3954 Espennelt‚
501 3855 704 3932 Godeiridns
730 3857 819 3932 iilius
844 3857 1034 3933 Folknandi
1072 3869 1107 3930 et
1141 3857 1197 3930 aiii
1232 3879 1330 3954 quam
1364 3859 1492 3956 plures.
1543 3859 1588 3932 Et
1612 3869 1650 3930 ut

266 3953 332 4029 hee
363 3956 518 4032 omnibus
555 3957 716 4055 patefiant
746 3980 892 4056 presens
933 3961 1094 4055 seriptum
1130 3957 1283 4032 dedimus
1324 3959 1430 4054 sigilli
1465 3961 1577 4032 nostri
1614 3969 1649 4030 et
