<?xml version="1.0" encoding="UTF-8"?>
<!DOCTYPE html PUBLIC "-//W3C//DTD XHTML 1.0 Transitional//EN"
    "http://www.w3.org/TR/xhtml1/DTD/xhtml1-transitional.dtd">
<html xmlns="http://www.w3.org/1999/xhtml" xml:lang="en" lang="en">
 <head>
  <title>
</title>
<meta http-equiv="Content-Type" content="text/html;charset=utf-8" />
  <meta name='ocr-system' content='tesseract 3.04.00' />
  <meta name='ocr-capabilities' content='ocr_page ocr_carea ocr_par ocr_line ocrx_word'/>
</head>
<body>
  <div class='ocr_page' id='page_1' title='image "./monumentaboica00karagoog_0236.png"; bbox 0 0 3774 4728; ppageno 0'>
   <div class='ocr_carea' id='block_1_1' title="bbox 336 473 1140 550">
    <p class='ocr_par' dir='ltr' id='par_1_1' title="bbox 336 473 1140 550">
     <span class='ocr_line' id='line_1_1' title="bbox 336 473 1140 550; baseline -0.007 0"><span class='ocrx_word' id='word_1_1' title='bbox 336 479 409 550; x_wconf 74' lang='lat'><strong>224</strong></span> <span class='ocrx_word' id='word_1_2' title='bbox 431 482 432 485; x_wconf 67' lang='lat'>‘</span> <span class='ocrx_word' id='word_1_3' title='bbox 924 473 1140 549; x_wconf 86' lang='lat' dir='ltr'><strong>ldonumeute</strong></span> 
     </span>
    </p>
   </div>
   <div class='ocr_carea' id='block_1_2' title="bbox 297 668 1715 968">
    <p class='ocr_par' dir='ltr' id='par_1_2' title="bbox 297 668 1715 968">
     <span class='ocr_line' id='line_1_2' title="bbox 336 668 1714 774; baseline -0.006 -24"><span class='ocrx_word' id='word_1_4' title='bbox 336 671 587 774; x_wconf 75' lang='lat' dir='ltr'><strong>possidendam.</strong></span> <span class='ocrx_word' id='word_1_5' title='bbox 636 671 709 744; x_wconf 88' lang='lat' dir='ltr'><strong>Nos</strong></span> <span class='ocrx_word' id='word_1_6' title='bbox 735 675 848 767; x_wconf 89' lang='lat' dir='ltr'><strong>itaque</strong></span> <span class='ocrx_word' id='word_1_7' title='bbox 872 675 1033 770; x_wconf 92' lang='lat' dir='ltr'><strong>peticioni</strong></span> <span class='ocrx_word' id='word_1_8' title='bbox 1072 693 1159 761; x_wconf 91' lang='lat' dir='ltr'><strong>sue,</strong></span> <span class='ocrx_word' id='word_1_9' title='bbox 1197 670 1287 742; x_wconf 84' lang='lat' dir='ltr'><strong>iactu</strong></span> <span class='ocrx_word' id='word_1_10' title='bbox 1319 668 1420 742; x_wconf 89' lang='lat' dir='ltr'><strong>nohis</strong></span> <span class='ocrx_word' id='word_1_11' title='bbox 1453 673 1714 743; x_wconf 69' lang='lat' dir='ltr'><strong>restauracione</strong></span> 
     </span>
     <span class='ocr_line' id='line_1_3' title="bbox 306 768 1714 872; baseline -0.005 -22"><span class='ocrx_word' id='word_1_12' title='bbox 306 810 308 812; x_wconf 95' lang='lat'>·</span> <span class='ocrx_word' id='word_1_13' title='bbox 337 775 539 872; x_wconf 87' lang='lat' dir='ltr'><strong>supradicta,</strong></span> <span class='ocrx_word' id='word_1_14' title='bbox 566 782 766 863; x_wconf 77' lang='lat' dir='ltr'><strong>annuentes,</strong></span> <span class='ocrx_word' id='word_1_15' title='bbox 791 777 961 846; x_wconf 87' lang='lat' dir='ltr'><strong>nominata</strong></span> <span class='ocrx_word' id='word_1_16' title='bbox 987 773 1077 845; x_wconf 89' lang='lat' dir='ltr'><strong>hona</strong></span> <span class='ocrx_word' id='word_1_17' title='bbox 1102 775 1136 843; x_wconf 91' lang='lat' dir='ltr'><strong>in</strong></span> <span class='ocrx_word' id='word_1_18' title='bbox 1164 768 1362 864; x_wconf 82' lang='lat' dir='ltr'><strong>Segeniu</strong></span> <span class='ocrx_word' id='word_1_19' title='bbox 1387 769 1521 842; x_wconf 85' lang='lat' dir='ltr'><strong>Killano</strong></span> <span class='ocrx_word' id='word_1_20' title='bbox 1548 779 1583 842; x_wconf 87' lang='lat' dir='ltr'><strong>et</strong></span> <span class='ocrx_word' id='word_1_21' title='bbox 1608 772 1714 843; x_wconf 89' lang='lat' dir='ltr'><strong>sociis</strong></span> 
     </span>
     <span class='ocr_line' id='line_1_4' title="bbox 297 867 1715 968; baseline -0.006 -20"><span class='ocrx_word' id='word_1_22' title='bbox 297 939 300 968; x_wconf 71' lang='grc'>,</span> <span class='ocrx_word' id='word_1_23' title='bbox 337 879 411 949; x_wconf 91' lang='lat' dir='ltr'><strong>eius</strong></span> <span class='ocrx_word' id='word_1_24' title='bbox 438 875 739 968; x_wconf 81' lang='lat' dir='ltr'><strong>improprietatem</strong></span> <span class='ocrx_word' id='word_1_25' title='bbox 766 873 988 964; x_wconf 87' lang='lat' dir='ltr'><strong>contulimus,</strong></span> <span class='ocrx_word' id='word_1_26' title='bbox 1014 894 1080 966; x_wconf 86' lang='lat' dir='ltr'><strong>que</strong></span> <span class='ocrx_word' id='word_1_27' title='bbox 1106 870 1214 942; x_wconf 85' lang='lat' dir='ltr'><strong>dictus</strong></span> <span class='ocrx_word' id='word_1_28' title='bbox 1240 871 1325 942; x_wconf 87' lang='lat' dir='ltr'><strong>civis</strong></span> <span class='ocrx_word' id='word_1_29' title='bbox 1354 867 1545 942; x_wconf 81' lang='lat' dir='ltr'><strong>werdensis</strong></span> <span class='ocrx_word' id='word_1_30' title='bbox 1571 869 1715 941; x_wconf 92' lang='lat' dir='ltr'><strong>Bern-</strong></span> 
     </span>
    </p>
   </div>
   <div class='ocr_carea' id='block_1_3' title="bbox 336 969 1826 1070">
    <p class='ocr_par' dir='ltr' id='par_1_3' title="bbox 336 969 1826 1070">
     <span class='ocr_line' id='line_1_5' title="bbox 336 969 1826 1070; baseline -0.004 -24"><span class='ocrx_word' id='word_1_31' title='bbox 336 995 470 1070; x_wconf 83' lang='lat' dir='ltr'><strong>gerue</strong></span> <span class='ocrx_word' id='word_1_32' title='bbox 497 996 516 1045; x_wconf 90' lang='lat' dir='ltr'><strong>a</strong></span> <span class='ocrx_word' id='word_1_33' title='bbox 542 993 644 1044; x_wconf 87' lang='lat' dir='ltr'><strong>muuv</strong></span> <span class='ocrx_word' id='word_1_34' title='bbox 669 983 799 1061; x_wconf 85' lang='lat' dir='ltr'><strong>nostro,</strong></span> <span class='ocrx_word' id='word_1_35' title='bbox 826 971 888 1044; x_wconf 87' lang='lat' dir='ltr'><strong>suh</strong></span> <span class='ocrx_word' id='word_1_36' title='bbox 914 974 1051 1044; x_wconf 90' lang='lat' dir='ltr'><strong>nomine</strong></span> <span class='ocrx_word' id='word_1_37' title='bbox 1077 993 1216 1059; x_wconf 89' lang='lat' dir='ltr'><strong>census,</strong></span> <span class='ocrx_word' id='word_1_38' title='bbox 1243 969 1376 1042; x_wconf 89' lang='lat' dir='ltr'><strong>scilicet</strong></span> <span class='ocrx_word' id='word_1_39' title='bbox 1391 979 1427 1041; x_wconf 84' lang='lat' dir='ltr'><strong>vt</strong></span> <span class='ocrx_word' id='word_1_40' title='bbox 1442 973 1539 1042; x_wconf 88' lang='lat' dir='ltr'><strong>annis</strong></span> <span class='ocrx_word' id='word_1_41' title='bbox 1567 969 1713 1062; x_wconf 80' lang='lat' dir='ltr'><strong>singuiis</strong></span> <span class='ocrx_word' id='word_1_42' title='bbox 1822 1009 1826 1016; x_wconf 92' lang='lat'>·</span> 
     </span>
    </p>
   </div>
   <div class='ocr_carea' id='block_1_4' title="bbox 334 1068 1716 1566">
    <p class='ocr_par' dir='ltr' id='par_1_4' title="bbox 334 1068 1716 1566">
     <span class='ocr_line' id='line_1_6' title="bbox 335 1068 1712 1159; baseline -0.006 -11"><span class='ocrx_word' id='word_1_43' title='bbox 335 1079 371 1148; x_wconf 91' lang='lat' dir='ltr'><strong>in</strong></span> <span class='ocrx_word' id='word_1_44' title='bbox 395 1073 487 1146; x_wconf 83' lang='lat' dir='ltr'><strong>[esto</strong></span> <span class='ocrx_word' id='word_1_45' title='bbox 511 1075 620 1146; x_wconf 86' lang='lat' dir='ltr'><strong>suncti</strong></span> <span class='ocrx_word' id='word_1_46' title='bbox 645 1070 844 1144; x_wconf 89' lang='lat' dir='ltr'><strong>ldichahelis</strong></span> <span class='ocrx_word' id='word_1_47' title='bbox 871 1071 953 1144; x_wconf 92' lang='lat' dir='ltr'><strong>duas</strong></span> <span class='ocrx_word' id='word_1_48' title='bbox 991 1070 1096 1142; x_wconf 90' lang='lat' dir='ltr'><strong>libras</strong></span> <span class='ocrx_word' id='word_1_49' title='bbox 1134 1091 1215 1143; x_wconf 90' lang='lat' dir='ltr'><strong>cere</strong></span> <span class='ocrx_word' id='word_1_50' title='bbox 1254 1068 1405 1141; x_wconf 89' lang='lat' dir='ltr'><strong>ecclesie</strong></span> <span class='ocrx_word' id='word_1_51' title='bbox 1438 1080 1558 1144; x_wconf 91' lang='lat' dir='ltr'><strong>nostre</strong></span> <span class='ocrx_word' id='word_1_52' title='bbox 1585 1069 1712 1159; x_wconf 88' lang='lat' dir='ltr'><strong>soluat,</strong></span> 
     </span>
     <span class='ocr_line' id='line_1_7' title="bbox 335 1167 1713 1269; baseline -0.005 -20"><span class='ocrx_word' id='word_1_53' title='bbox 335 1177 488 1269; x_wconf 90' lang='lat' dir='ltr'><strong>recepit,</strong></span> <span class='ocrx_word' id='word_1_54' title='bbox 526 1169 734 1267; x_wconf 87' lang='lat' dir='ltr'><strong>temporibus</strong></span> <span class='ocrx_word' id='word_1_55' title='bbox 767 1174 838 1244; x_wconf 88' lang='lat' dir='ltr'><strong>vite</strong></span> <span class='ocrx_word' id='word_1_56' title='bbox 873 1194 934 1242; x_wconf 91' lang='lat' dir='ltr'><strong>sue</strong></span> <span class='ocrx_word' id='word_1_57' title='bbox 969 1181 1004 1243; x_wconf 88' lang='lat' dir='ltr'><strong>et</strong></span> <span class='ocrx_word' id='word_1_58' title='bbox 1042 1173 1191 1242; x_wconf 86' lang='lat' dir='ltr'><strong>omnivm</strong></span> <span class='ocrx_word' id='word_1_59' title='bbox 1227 1167 1391 1252; x_wconf 86' lang='lat' dir='ltr'><strong>heredum</strong></span> <span class='ocrx_word' id='word_1_60' title='bbox 1423 1190 1565 1242; x_wconf 88' lang='lat' dir='ltr'><strong>suorum</strong></span> <span class='ocrx_word' id='word_1_61' title='bbox 1601 1167 1713 1242; x_wconf 91' lang='lat' dir='ltr'><strong>lihere</strong></span> 
     </span>
     <span class='ocr_line' id='line_1_8' title="bbox 334 1267 1712 1373; baseline -0.006 -25"><span class='ocrx_word' id='word_1_62' title='bbox 334 1270 553 1373; x_wconf 89' lang='lat' dir='ltr'><strong>possidenda.</strong></span> <span class='ocrx_word' id='word_1_63' title='bbox 599 1270 646 1342; x_wconf 91' lang='lat' dir='ltr'><strong>Vt</strong></span> <span class='ocrx_word' id='word_1_64' title='bbox 680 1281 791 1343; x_wconf 88' lang='lat' dir='ltr'><strong>autern</strong></span> <span class='ocrx_word' id='word_1_65' title='bbox 824 1270 914 1342; x_wconf 90' lang='lat' dir='ltr'><strong>dieto</strong></span> <span class='ocrx_word' id='word_1_66' title='bbox 939 1271 1118 1364; x_wconf 83' lang='lat' dir='ltr'><strong>Berngero</strong></span> <span class='ocrx_word' id='word_1_67' title='bbox 1155 1290 1258 1365; x_wconf 88' lang='lat' dir='ltr'><strong>super</strong></span> <span class='ocrx_word' id='word_1_68' title='bbox 1283 1267 1351 1340; x_wconf 92' lang='lat' dir='ltr'><strong>hoc</strong></span> <span class='ocrx_word' id='word_1_69' title='bbox 1375 1268 1477 1340; x_wconf 81' lang='lat' dir='ltr'><strong>nichil</strong></span> <span class='ocrx_word' id='word_1_70' title='bbox 1504 1272 1712 1363; x_wconf 82' lang='lat' dir='ltr'><strong>gruuaminis</strong></span> 
     </span>
     <span class='ocr_line' id='line_1_9' title="bbox 338 1368 1713 1466; baseline -0.004 -18"><span class='ocrx_word' id='word_1_71' title='bbox 338 1378 478 1463; x_wconf 86' lang='lat' dir='ltr'><strong>oriatur,</strong></span> <span class='ocrx_word' id='word_1_72' title='bbox 504 1381 559 1445; x_wconf 86' lang='lat' dir='ltr'><strong>set</strong></span> <span class='ocrx_word' id='word_1_73' title='bbox 584 1369 739 1444; x_wconf 91' lang='lat' dir='ltr'><strong>omnihus</strong></span> <span class='ocrx_word' id='word_1_74' title='bbox 765 1369 831 1442; x_wconf 94' lang='lat' dir='ltr'><strong>hoc</strong></span> <span class='ocrx_word' id='word_1_75' title='bbox 855 1369 980 1442; x_wconf 86' lang='lat' dir='ltr'><strong>lactum</strong></span> <span class='ocrx_word' id='word_1_76' title='bbox 1013 1374 1048 1442; x_wconf 92' lang='lat' dir='ltr'><strong>in</strong></span> <span class='ocrx_word' id='word_1_77' title='bbox 1080 1378 1254 1466; x_wconf 90' lang='lat' dir='ltr'><strong>posterum</strong></span> <span class='ocrx_word' id='word_1_78' title='bbox 1281 1368 1473 1456; x_wconf 85' lang='lat' dir='ltr'><strong>elucescet,</strong></span> <span class='ocrx_word' id='word_1_79' title='bbox 1514 1377 1713 1465; x_wconf 74' lang='lat' dir='ltr'><strong>presentem</strong></span> 
     </span>
     <span class='ocr_line' id='line_1_10' title="bbox 337 1467 1716 1566; baseline -0.006 -18"><span class='ocrx_word' id='word_1_80' title='bbox 337 1484 464 1548; x_wconf 83' lang='lat' dir='ltr'><strong>certam</strong></span> <span class='ocrx_word' id='word_1_81' title='bbox 490 1470 615 1544; x_wconf 87' lang='lat' dir='ltr'><strong>exinde</strong></span> <span class='ocrx_word' id='word_1_82' title='bbox 642 1472 820 1566; x_wconf 82' lang='lat' dir='ltr'><strong>scriptam,</strong></span> <span class='ocrx_word' id='word_1_83' title='bbox 847 1473 879 1541; x_wconf 94' lang='lat' dir='ltr'><strong>ei</strong></span> <span class='ocrx_word' id='word_1_84' title='bbox 905 1469 976 1544; x_wconf 85' lang='lat' dir='ltr'><strong>duri</strong></span> <span class='ocrx_word' id='word_1_85' title='bbox 1003 1472 1183 1558; x_wconf 88' lang='lat' dir='ltr'><strong>iussimus,</strong></span> <span class='ocrx_word' id='word_1_86' title='bbox 1223 1477 1258 1540; x_wconf 94' lang='lat' dir='ltr'><strong>et</strong></span> <span class='ocrx_word' id='word_1_87' title='bbox 1283 1467 1400 1561; x_wconf 82' lang='lat' dir='ltr'><strong>sigillo</strong></span> <span class='ocrx_word' id='word_1_88' title='bbox 1426 1477 1547 1542; x_wconf 88' lang='lat' dir='ltr'><strong>nostro</strong></span> <span class='ocrx_word' id='word_1_89' title='bbox 1574 1467 1716 1540; x_wconf 83' lang='lat' dir='ltr'><strong>firmiter</strong></span> 
     </span>
    </p>
   </div>
   <div class='ocr_carea' id='block_1_5' title="bbox 335 1573 503 1649">
    <p class='ocr_par' dir='ltr' id='par_1_5' title="bbox 335 1573 503 1649">
     <span class='ocr_line' id='line_1_11' title="bbox 335 1573 503 1649; baseline -0.024 -1"><span class='ocrx_word' id='word_1_90' title='bbox 335 1573 503 1649; x_wconf 89' lang='lat' dir='ltr'><strong>rohorari.</strong></span> 
     </span>
    </p>
   </div>
   <div class='ocr_carea' id='block_1_6' title="bbox 337 1695 1715 2304">
    <p class='ocr_par' dir='ltr' id='par_1_6' title="bbox 337 1695 1715 2304">
     <span class='ocr_line' id='line_1_12' title="bbox 400 1695 1712 1786; baseline -0.003 -14"><span class='ocrx_word' id='word_1_91' title='bbox 400 1742 406 1760; x_wconf 80' lang='lat'>‹</span> <span class='ocrx_word' id='word_1_92' title='bbox 432 1699 539 1772; x_wconf 91' lang='lat' dir='ltr'><strong>Huius</strong></span> <span class='ocrx_word' id='word_1_93' title='bbox 565 1700 617 1768; x_wconf 91' lang='lat' dir='ltr'><strong>rei</strong></span> <span class='ocrx_word' id='word_1_94' title='bbox 643 1707 750 1771; x_wconf 89' lang='lat' dir='ltr'><strong>testes</strong></span> <span class='ocrx_word' id='word_1_95' title='bbox 777 1707 872 1768; x_wconf 91' lang='lat' dir='ltr'><strong>sunt:</strong></span> <span class='ocrx_word' id='word_1_96' title='bbox 900 1695 1074 1770; x_wconf 87' lang='lat' dir='ltr'><strong>Aruoldus</strong></span> <span class='ocrx_word' id='word_1_97' title='bbox 1100 1695 1269 1783; x_wconf 84' lang='lat' dir='ltr'><strong>decanus,</strong></span> <span class='ocrx_word' id='word_1_98' title='bbox 1295 1695 1475 1768; x_wconf 87' lang='lat' dir='ltr'><strong>Heinricus</strong></span> <span class='ocrx_word' id='word_1_99' title='bbox 1502 1706 1641 1786; x_wconf 90' lang='lat' dir='ltr'><strong>custos,</strong></span> <span class='ocrx_word' id='word_1_100' title='bbox 1667 1699 1712 1770; x_wconf 82' lang='lat' dir='ltr'><strong>A.</strong></span> 
     </span>
     <span class='ocr_line' id='line_1_13' title="bbox 337 1793 1713 1892; baseline -0.001 -21"><span class='ocrx_word' id='word_1_101' title='bbox 337 1799 551 1888; x_wconf 77' lang='lat' dir='ltr'><strong>cellerarius,</strong></span> <span class='ocrx_word' id='word_1_102' title='bbox 577 1799 760 1870; x_wconf 84' lang='lat' dir='ltr'><strong>canonicus</strong></span> <span class='ocrx_word' id='word_1_103' title='bbox 786 1793 1050 1892; x_wconf 78' lang='lat' dir='ltr'><strong>herbipolensis,</strong></span> <span class='ocrx_word' id='word_1_104' title='bbox 1076 1793 1271 1869; x_wconf 84' lang='lat' dir='ltr'><strong>Goteiridus</strong></span> <span class='ocrx_word' id='word_1_105' title='bbox 1297 1797 1520 1885; x_wconf 90' lang='lat' dir='ltr'><strong>camerarius,</strong></span> <span class='ocrx_word' id='word_1_106' title='bbox 1545 1795 1713 1870; x_wconf 83' lang='lat' dir='ltr'><strong>Alhertus</strong></span> 
     </span>
     <span class='ocr_line' id='line_1_14' title="bbox 337 1893 1714 1996; baseline -0.001 -25"><span class='ocrx_word' id='word_1_107' title='bbox 337 1897 478 1996; x_wconf 85' lang='lat' dir='ltr'><strong>dapifer,</strong></span> <span class='ocrx_word' id='word_1_108' title='bbox 503 1895 706 1990; x_wconf 71' lang='lat' dir='ltr'><strong>liudegerus</strong></span> <span class='ocrx_word' id='word_1_109' title='bbox 732 1896 831 1970; x_wconf 88' lang='lat' dir='ltr'><strong>miles</strong></span> <span class='ocrx_word' id='word_1_110' title='bbox 859 1895 900 1968; x_wconf 91' lang='lat' dir='ltr'><strong>de</strong></span> <span class='ocrx_word' id='word_1_111' title='bbox 927 1895 1111 1987; x_wconf 84' lang='lat' dir='ltr'><strong>Grutheim,</strong></span> <span class='ocrx_word' id='word_1_112' title='bbox 1136 1893 1356 1990; x_wconf 85' lang='lat' dir='ltr'><strong>hlarquardus</strong></span> <span class='ocrx_word' id='word_1_113' title='bbox 1384 1897 1531 1990; x_wconf 87' lang='lat' dir='ltr'><strong>scriptor</strong></span> <span class='ocrx_word' id='word_1_114' title='bbox 1547 1897 1714 1986; x_wconf 89' lang='lat' dir='ltr'><strong>custodis,</strong></span> 
     </span>
     <span class='ocr_line' id='line_1_15' title="bbox 339 1993 1712 2091; baseline -0.003 -19"><span class='ocrx_word' id='word_1_115' title='bbox 339 1993 514 2072; x_wconf 83' lang='lat' dir='ltr'><strong>Gunradus</strong></span> <span class='ocrx_word' id='word_1_116' title='bbox 553 1995 596 2068; x_wconf 90' lang='lat' dir='ltr'><strong>de</strong></span> <span class='ocrx_word' id='word_1_117' title='bbox 620 1995 861 2086; x_wconf 87' lang='lat' dir='ltr'><strong>Heideuheim,</strong></span> <span class='ocrx_word' id='word_1_118' title='bbox 893 1994 1097 2088; x_wconf 85' lang='lat' dir='ltr'><strong>Rudegerus</strong></span> <span class='ocrx_word' id='word_1_119' title='bbox 1135 1993 1223 2068; x_wconf 88' lang='lat' dir='ltr'><strong>iilius</strong></span> <span class='ocrx_word' id='word_1_120' title='bbox 1261 1993 1412 2066; x_wconf 88' lang='lat' dir='ltr'><strong>Heinrici</strong></span> <span class='ocrx_word' id='word_1_121' title='bbox 1452 2005 1530 2068; x_wconf 85' lang='lat' dir='ltr'><strong>ante</strong></span> <span class='ocrx_word' id='word_1_122' title='bbox 1567 2007 1712 2091; x_wconf 89' lang='lat' dir='ltr'><strong>portum.</strong></span> 
     </span>
     <span class='ocr_line' id='line_1_16' title="bbox 337 2093 1715 2192; baseline -0.002 -22"><span class='ocrx_word' id='word_1_123' title='bbox 337 2097 428 2170; x_wconf 83' lang='lat' dir='ltr'><strong>Acta</strong></span> <span class='ocrx_word' id='word_1_124' title='bbox 454 2107 532 2170; x_wconf 89' lang='lat' dir='ltr'><strong>sunt</strong></span> <span class='ocrx_word' id='word_1_125' title='bbox 556 2095 621 2168; x_wconf 91' lang='lat' dir='ltr'><strong>hec</strong></span> <span class='ocrx_word' id='word_1_126' title='bbox 641 2117 729 2168; x_wconf 85' lang='lat' dir='ltr'><strong>anno</strong></span> <span class='ocrx_word' id='word_1_127' title='bbox 756 2095 881 2168; x_wconf 91' lang='lat' dir='ltr'><strong>domini</strong></span> <span class='ocrx_word' id='word_1_128' title='bbox 915 2095 960 2167; x_wconf 87' lang='grc' dir='ltr'><strong>Μ.</strong></span> <span class='ocrx_word' id='word_1_129' title='bbox 986 2093 1053 2167; x_wconf 85' lang='lat' dir='ltr'><strong>GC.</strong></span> <span class='ocrx_word' id='word_1_130' title='bbox 1079 2095 1155 2168; x_wconf 89' lang='lat' dir='ltr'><strong>XX.</strong></span> <span class='ocrx_word' id='word_1_131' title='bbox 1184 2105 1320 2184; x_wconf 85' lang='lat' dir='ltr'><strong>octauo,</strong></span> <span class='ocrx_word' id='word_1_132' title='bbox 1347 2093 1530 2167; x_wconf 88' lang='lat' dir='ltr'><strong>indictione</strong></span> <span class='ocrx_word' id='word_1_133' title='bbox 1550 2093 1607 2182; x_wconf 55' lang='lat' dir='ltr'><strong>le,</strong></span> <span class='ocrx_word' id='word_1_134' title='bbox 1633 2099 1715 2192; x_wconf 91' lang='lat' dir='ltr'><strong>cpi-</strong></span> 
     </span>
     <span class='ocr_line' id='line_1_17' title="bbox 338 2193 844 2304; baseline -0.012 -31"><span class='ocrx_word' id='word_1_135' title='bbox 338 2208 498 2304; x_wconf 81' lang='lat' dir='ltr'><strong>scopatus</strong></span> <span class='ocrx_word' id='word_1_136' title='bbox 524 2199 634 2270; x_wconf 90' lang='lat' dir='ltr'><strong>nostri</strong></span> <span class='ocrx_word' id='word_1_137' title='bbox 660 2217 749 2268; x_wconf 87' lang='lat' dir='ltr'><strong>enno</strong></span> <span class='ocrx_word' id='word_1_138' title='bbox 774 2193 844 2267; x_wconf 82' lang='lat'><strong>1110·</strong></span> 
     </span>
    </p>
   </div>
   <div class='ocr_carea' id='block_1_7' title="bbox 546 2391 1349 2478">
    <p class='ocr_par' dir='ltr' id='par_1_7' title="bbox 546 2391 1349 2478">
     <span class='ocr_line' id='line_1_18' title="bbox 546 2391 1349 2478; baseline -0.002 -20"><span class='ocrx_word' id='word_1_139' title='bbox 546 2393 704 2477; x_wconf 81' lang='lat' dir='ltr'><strong>Appendel</strong></span> <span class='ocrx_word' id='word_1_140' title='bbox 725 2393 856 2478; x_wconf 77' lang='lat' dir='ltr'><strong>sigillum</strong></span> <span class='ocrx_word' id='word_1_141' title='bbox 877 2391 1037 2456; x_wconf 87' lang='lat' dir='ltr'><strong>llermanrd</strong></span> <span class='ocrx_word' id='word_1_142' title='bbox 1061 2397 1204 2474; x_wconf 89' lang='lat' dir='ltr'><strong>episcopi,</strong></span> <span class='ocrx_word' id='word_1_143' title='bbox 1228 2393 1349 2456; x_wconf 81' lang='lat' dir='ltr'><strong>laesum.</strong></span> 
     </span>
    </p>
   </div>
   <div class='ocr_carea' id='block_1_8' title="bbox 761 2823 1285 3105">
    <p class='ocr_par' dir='ltr' id='par_1_8' title="bbox 761 2823 1285 3105">
     <span class='ocr_line' id='line_1_19' title="bbox 956 2823 1181 2898; baseline -0.013 0"><span class='ocrx_word' id='word_1_144' title='bbox 956 2823 1105 2898; x_wconf 77' lang='lat' dir='ltr'>CCXIV.</span> <span class='ocrx_word' id='word_1_145' title='bbox 1179 2873 1181 2882; x_wconf 76' lang='lat'><em>·</em></span> 
     </span>
     <span class='ocr_line' id='line_1_20' title="bbox 761 3019 1285 3105; baseline -0.004 -20"><span class='ocrx_word' id='word_1_146' title='bbox 761 3023 847 3086; x_wconf 75' lang='lat' dir='ltr'><strong>Anno</strong></span> <span class='ocrx_word' id='word_1_147' title='bbox 873 3019 962 3086; x_wconf 82' lang='lat'><strong>1228.</strong></span> <span class='ocrx_word' id='word_1_148' title='bbox 1009 3021 1091 3105; x_wconf 82' lang='lat' dir='ltr'><strong>[unte</strong></span> <span class='ocrx_word' id='word_1_149' title='bbox 1112 3021 1163 3086; x_wconf 81' lang='lat'><strong>27.</strong></span> <span class='ocrx_word' id='word_1_150' title='bbox 1186 3019 1285 3104; x_wconf 65' lang='lat' dir='ltr'><strong>debu]</strong></span> 
     </span>
    </p>
   </div>
   <div class='ocr_carea' id='block_1_9' title="bbox 290 3201 1715 3585">
    <p class='ocr_par' dir='ltr' id='par_1_9' title="bbox 290 3201 1715 3585">
     <span class='ocr_line' id='line_1_21' title="bbox 338 3201 1715 3307; baseline -0.003 -21"><span class='ocrx_word' id='word_1_151' title='bbox 338 3211 553 3286; x_wconf 85' lang='lat' dir='ltr'><strong>ldermunnus</strong></span> <span class='ocrx_word' id='word_1_152' title='bbox 578 3201 828 3304; x_wconf 83' lang='lat' dir='ltr'><strong>herbipolensis</strong></span> <span class='ocrx_word' id='word_1_153' title='bbox 854 3211 1038 3307; x_wconf 90' lang='lat' dir='ltr'><strong>episcopus</strong></span> <span class='ocrx_word' id='word_1_154' title='bbox 1063 3230 1191 3306; x_wconf 91' lang='lat' dir='ltr'><strong>pueros</strong></span> <span class='ocrx_word' id='word_1_155' title='bbox 1217 3207 1406 3281; x_wconf 88' lang='lat' dir='ltr'><strong>hlochtildis</strong></span> <span class='ocrx_word' id='word_1_156' title='bbox 1432 3207 1475 3282; x_wconf 92' lang='lat' dir='ltr'><strong>de</strong></span> <span class='ocrx_word' id='word_1_157' title='bbox 1500 3207 1715 3301; x_wconf 83' lang='lat' dir='ltr'><strong>liichesvelt,</strong></span> 
     </span>
     <span class='ocr_line' id='line_1_22' title="bbox 290 3306 1714 3408; baseline -0.001 -24"><span class='ocrx_word' id='word_1_158' title='bbox 290 3397 292 3407; x_wconf 31' lang='grc' dir='ltr'>Ι</span> <span class='ocrx_word' id='word_1_159' title='bbox 340 3333 481 3408; x_wconf 85' lang='lat' dir='ltr'><strong>quorum</strong></span> <span class='ocrx_word' id='word_1_160' title='bbox 507 3331 572 3382; x_wconf 86' lang='lat' dir='ltr'><strong>ave</strong></span> <span class='ocrx_word' id='word_1_161' title='bbox 596 3306 763 3382; x_wconf 87' lang='lat' dir='ltr'><strong>lleilecha</strong></span> <span class='ocrx_word' id='word_1_162' title='bbox 788 3307 832 3381; x_wconf 90' lang='lat' dir='ltr'><strong>de</strong></span> <span class='ocrx_word' id='word_1_163' title='bbox 855 3307 1057 3384; x_wconf 82' lang='lat' dir='ltr'><strong>Eichesvelt</strong></span> <span class='ocrx_word' id='word_1_164' title='bbox 1082 3331 1122 3382; x_wconf 90' lang='lat' dir='ltr'><strong>se</strong></span> <span class='ocrx_word' id='word_1_165' title='bbox 1149 3317 1183 3380; x_wconf 90' lang='lat' dir='ltr'><strong>et</strong></span> <span class='ocrx_word' id='word_1_166' title='bbox 1208 3328 1342 3381; x_wconf 90' lang='lat' dir='ltr'><strong>omnem</strong></span> <span class='ocrx_word' id='word_1_167' title='bbox 1370 3311 1605 3403; x_wconf 75' lang='lat' dir='ltr'><strong>posteritatem</strong></span> <span class='ocrx_word' id='word_1_168' title='bbox 1620 3330 1714 3404; x_wconf 78' lang='lat' dir='ltr'><strong>cog-</strong></span> 
     </span>
     <span class='ocr_line' id='line_1_23' title="bbox 338 3405 1713 3498; baseline -0.002 -14"><span class='ocrx_word' id='word_1_169' title='bbox 338 3413 485 3484; x_wconf 89' lang='lat' dir='ltr'><strong>nationis</strong></span> <span class='ocrx_word' id='word_1_170' title='bbox 512 3431 596 3483; x_wconf 85' lang='lat' dir='ltr'><strong>succ</strong></span> <span class='ocrx_word' id='word_1_171' title='bbox 622 3433 650 3484; x_wconf 89' lang='lat' dir='ltr'><strong>s.</strong></span> <span class='ocrx_word' id='word_1_172' title='bbox 676 3407 811 3481; x_wconf 88' lang='lat' dir='ltr'><strong>Kiliano</strong></span> <span class='ocrx_word' id='word_1_173' title='bbox 838 3419 873 3481; x_wconf 90' lang='lat' dir='ltr'><strong>et</strong></span> <span class='ocrx_word' id='word_1_174' title='bbox 898 3413 1003 3484; x_wconf 89' lang='lat' dir='ltr'><strong>sociis</strong></span> <span class='ocrx_word' id='word_1_175' title='bbox 1032 3411 1105 3484; x_wconf 90' lang='lat' dir='ltr'><strong>eius</strong></span> <span class='ocrx_word' id='word_1_176' title='bbox 1132 3407 1328 3482; x_wconf 87' lang='lat' dir='ltr'><strong>censualem</strong></span> <span class='ocrx_word' id='word_1_177' title='bbox 1353 3405 1505 3498; x_wconf 87' lang='lat' dir='ltr'><strong>iecerat,</strong></span> <span class='ocrx_word' id='word_1_178' title='bbox 1542 3405 1583 3480; x_wconf 86' lang='lat' dir='ltr'><strong>eh</strong></span> <span class='ocrx_word' id='word_1_179' title='bbox 1621 3412 1713 3482; x_wconf 88' lang='lat' dir='ltr'><strong>omni</strong></span> 
     </span>
     <span class='ocr_line' id='line_1_24' title="bbox 340 3505 1563 3585; baseline -0.004 -1"><span class='ocrx_word' id='word_1_180' title='bbox 340 3513 519 3585; x_wconf 87' lang='lat' dir='ltr'><strong>coactione</strong></span> <span class='ocrx_word' id='word_1_181' title='bbox 545 3511 720 3583; x_wconf 87' lang='lat' dir='ltr'><strong>servitutis</strong></span> <span class='ocrx_word' id='word_1_182' title='bbox 748 3519 782 3581; x_wconf 87' lang='lat' dir='ltr'><strong>et</strong></span> <span class='ocrx_word' id='word_1_183' title='bbox 806 3511 880 3582; x_wconf 93' lang='lat' dir='ltr'><strong>iure</strong></span> <span class='ocrx_word' id='word_1_184' title='bbox 906 3509 1112 3584; x_wconf 83' lang='lat' dir='ltr'><strong>udvomtitio</strong></span> <span class='ocrx_word' id='word_1_185' title='bbox 1138 3506 1269 3582; x_wconf 90' lang='lat' dir='ltr'><strong>liberos</strong></span> <span class='ocrx_word' id='word_1_186' title='bbox 1295 3529 1376 3580; x_wconf 85' lang='lat' dir='ltr'><strong>esse</strong></span> <span class='ocrx_word' id='word_1_187' title='bbox 1402 3505 1563 3580; x_wconf 82' lang='lat' dir='ltr'><strong>declaret.</strong></span> 
     </span>
    </p>
   </div>
   <div class='ocr_carea' id='block_1_10' title="bbox 337 3639 1715 3845">
    <p class='ocr_par' dir='ltr' id='par_1_10' title="bbox 337 3639 1715 3845">
     <span class='ocr_line' id='line_1_25' title="bbox 437 3639 1715 3738; baseline -0.002 -20"><span class='ocrx_word' id='word_1_188' title='bbox 437 3645 479 3718; x_wconf 88' lang='lat' dir='ltr'><strong>D.</strong></span> <span class='ocrx_word' id='word_1_189' title='bbox 507 3663 596 3715; x_wconf 86' lang='lat' dir='ltr'><strong>anuo</strong></span> <span class='ocrx_word' id='word_1_190' title='bbox 624 3640 748 3716; x_wconf 91' lang='lat' dir='ltr'><strong>domini</strong></span> <span class='ocrx_word' id='word_1_191' title='bbox 775 3641 834 3714; x_wconf 58' lang='grc' dir='ltr'><strong>ΜΟ·</strong></span> <span class='ocrx_word' id='word_1_192' title='bbox 858 3641 941 3716; x_wconf 79' lang='lat'><strong>000·</strong></span> <span class='ocrx_word' id='word_1_193' title='bbox 963 3643 1027 3716; x_wconf 87' lang='lat' dir='ltr'><strong>XX</strong></span> <span class='ocrx_word' id='word_1_194' title='bbox 1054 3653 1193 3734; x_wconf 86' lang='lat' dir='ltr'><strong>octavo,</strong></span> <span class='ocrx_word' id='word_1_195' title='bbox 1218 3639 1400 3714; x_wconf 77' lang='lat' dir='ltr'><strong>indictione</strong></span> <span class='ocrx_word' id='word_1_196' title='bbox 1424 3643 1544 3737; x_wconf 65' lang='lat' dir='ltr'><strong>primu</strong></span> <span class='ocrx_word' id='word_1_197' title='bbox 1569 3644 1715 3738; x_wconf 86' lang='lat' dir='ltr'><strong>episco-</strong></span> 
     </span>
     <span class='ocr_line' id='line_1_26' title="bbox 337 3739 632 3845; baseline -0.02 -25"><span class='ocrx_word' id='word_1_198' title='bbox 337 3756 436 3845; x_wconf 86' lang='lat' dir='ltr'><strong>patus</strong></span> <span class='ocrx_word' id='word_1_199' title='bbox 462 3764 551 3818; x_wconf 88' lang='lat' dir='ltr'><strong>anno</strong></span> <span class='ocrx_word' id='word_1_200' title='bbox 576 3739 632 3815; x_wconf 88' lang='lat'>111.</span> 
     </span>
    </p>
   </div>
   <div class='ocr_carea' id='block_1_11' title="bbox 546 3941 1199 4029">
    <p class='ocr_par' dir='ltr' id='par_1_11' title="bbox 546 3941 1199 4029">
     <span class='ocr_line' id='line_1_27' title="bbox 546 3941 1199 4029; baseline -0.003 -19"><span class='ocrx_word' id='word_1_201' title='bbox 546 3944 681 4029; x_wconf 69' lang='lat' dir='ltr'><strong>siguum</strong></span> <span class='ocrx_word' id='word_1_202' title='bbox 702 3941 863 4010; x_wconf 82' lang='lat' dir='ltr'><strong>Hermannl</strong></span> <span class='ocrx_word' id='word_1_203' title='bbox 886 3950 1019 4028; x_wconf 84' lang='lat' dir='ltr'><strong>episcopi</strong></span> <span class='ocrx_word' id='word_1_204' title='bbox 1041 3943 1199 4028; x_wconf 79' lang='lat' dir='ltr'><strong>appendet</strong></span> 
     </span>
    </p>
   </div>
   <div class='ocr_carea' id='block_1_12' title="bbox 0 0 1895 4728">
    <p class='ocr_par' dir='ltr' id='par_1_12' title="bbox 0 0 1895 4728">
     <span class='ocr_line' id='line_1_28' title="bbox 0 0 1895 4728; baseline 0 0"><span class='ocrx_word' id='word_1_205' title='bbox 0 0 1895 4728; x_wconf 95' lang='lat' dir='ltr'><strong> </strong></span> 
     </span>
    </p>
   </div>
  </div>
 </body>
</html>
