3774 4728
319 469 391 542 220
750 515 752 522 ·
896 468 1114 542 Monumenta

318 689 435 741 eomes
462 665 504 739 de
518 659 706 758 Botiniohe,
734 665 987 740 Wahemundus
1003 665 1046 738 de
1059 663 1260 760 Spekeveit,
1286 663 1490 739 Godofridus
1505 663 1694 753 Beteiman,

316 768 472 843 Alhunus
498 768 687 863 pincerna,
723 764 888 840 Aibertus
914 766 1065 861 dapifer,
1107 765 1303 839 Gotoiridus
1326 763 1473 855 iiakko,
1499 763 1695 838 Goteiridus

316 871 481 963 magister
507 869 664 961 eoqurine,
689 865 856 939 Haurieus
884 877 918 938 et
942 867 1136 938 Hertwieus
1158 869 1313 959 magistri
1338 868 1519 960 coquine.“

526 1065 663 1149 Sigillum
684 1065 844 1128 Hermann]
868 1066 1000 1144 „eiecti‘
1023 1064 1179 1146 appendat

524 1165 641 1229 Editum
663 1173 692 1229 in
714 1166 826 1250 Jaeger
850 1167 1028 1231 Gesehichto
1050 1165 1274 1230 Frankeniands
1296 1166 1333 1228 iii
1353 1185 1381 1248 p.
1404 1161 1468 1229 348
1488 1166 1539 1232 Nr.
1561 1163 1625 1229 xit

957 1717 1056 1792 CCX.

755 1917 843 1979 Anno
869 1913 959 1979 1226.
984 1921 1064 2000 [post
1086 1915 1135 1980 27.
1159 1918 1259 1996 Febr]

323 2099 536 2173 Hermannus
571 2101 821 2196 herbipolensis
863 2106 1044 2197 episeopus
1082 2114 1196 2174 notum
1235 2103 1339 2189 iacit,
1376 2102 1465 2196 quod
1497 2099 1696 2172 Waithorus

322 2197 446 2272 nobilis
473 2205 527 2272 vir
553 2202 595 2272 de
621 2201 850 2296 Langenberg
876 2223 950 2272 oum
976 2200 1120 2276 Alberto
1148 2202 1334 2292 etSiirido,
1360 2201 1438 2276 filiis
1466 2205 1549 2288 suis,
1577 2221 1697 2272 omnes

323 2304 549 2394 proprietates
592 2324 692 2373 suas:
732 2300 955 2394 Langenberc
993 2313 1140 2372 castrum
1180 2313 1214 2373 et
1258 2301 1410 2398 opidum,
1453 2300 1698 2392 Beeheiingen,

321 2397 556 2488 Neznelbaeh,
583 2399 862 2478 Neieenbvrnen,
897 2401 1135 2488 Tuntnebaeh,
1159 2403 1281 2493 Forat,
1308 2401 1465 2489 Rudern,
1487 2399 1698 2488 Miohilbere,

322 2499 653 2588 Geririltebrunnen,
687 2499 964 2590 Lindebrunnen,
998 2501 1193 2573 Otnenrode
1222 2514 1256 2573 et
1281 2501 1481 2588 Eberbaoh,
1518 2511 1699 2594 praeterea

322 2621 442 2670 ornnes
469 2603 633 2694 piscarias
662 2603 694 2669 in
720 2599 824 2672 ssuvio
852 2600 959 2688 Jahis,
985 2601 1027 2670 ad
1054 2612 1200 2672 oestrum
1225 2601 1453 2694 langenberg
1477 2603 1700 2694 pertinentes,

322 2698 555 2792 herbipolensi
581 2699 752 2770 eeclesiae
779 2723 853 2770 oum
881 2704 971 2770 omni
997 2704 1080 2772 iuris
1096 2705 1291 2794 integritate
1306 2701 1457 2788 donavit,
1484 2703 1700 2794 receptisque

322 2799 463 2892 prefatis
490 2798 590 2870 bonis
627 2801 660 2869 in
700 2798 822 2889 ieodo,
861 2799 995 2894 publice
1029 2804 1259 2894 recognovit,
1297 2799 1388 2895 quod
1424 2797 1514 2871 bona
1540 2803 1640 2870 etiarn
1666 2801 1700 2870 in

326 2897 512 2996 Reinhaeh‚
538 2902 570 2969 in
595 2899 798 2987 Aioswiier,
826 2910 860 2970 et
884 2903 937 2970 ius
964 2911 1161 2994 patronatus
1189 2901 1361 2974 ecelesiae
1388 2899 1561 2970 inferioris
1586 2899 1700 2970 Reiu-

325 2996 423 3078 baeh,
450 2997 503 3089 ai
518 3001 626 3091 ipsum
652 3001 726 3068 iure
753 2997 956 3071 hereditario
985 2999 1159 3076 devoluta,
1186 3003 1219 3070 in
1246 2999 1348 3073 ieodo
1375 3003 1475 3070 etiam
1493 2998 1534 3069 ab
1551 2999 1702 3070 oooiesia

324 3095 557 3191 herbipolensi
583 3097 786 3192 possideret.
839 3097 895 3171 Ad
921 3099 1017 3172 huius
1044 3099 1258 3172 voluntariae
1285 3101 1476 3172 donationis
1491 3121 1701 3193 compensa-

322 3199 451 3268 tionem
485 3197 698 3269 Hermannus
740 3201 913 3270 canonicis
950 3204 1032 3269 novi
1075 3203 1272 3272 monasterii
1310 3200 1530 3293 quadraginta
1567 3197 1701 3270 modios

325 3296 485 3388 siliginis,
512 3300 544 3367 in
571 3295 689 3391 quibus
704 3296 902 3368 Waitherus
929 3301 1012 3393 ipsis
1039 3303 1134 3370 annis
1152 3299 1295 3392 singuiis
1318 3298 1509 3386 tenebatur,
1535 3298 1577 3370 de
1603 3297 1702 3370 bonis

323 3399 357 3466 in
381 3394 567 3466 Karelhure
593 3400 761 3468 annuatim
788 3401 950 3492 promittit
975 3397 1239 3492 persolvendas,
1255 3409 1365 3492 ¹atque
1391 3399 1594 3470 Xoarratas
1617 3401 1702 3489 vini,

324 3518 408 3589 quas
433 3495 632 3568 Waltherus
658 3500 751 3591 prius
778 3496 821 3568 ab
848 3498 996 3568 ecelesia
1024 3497 1257 3592 herbipolensi
1283 3497 1421 3569 tenebat
1446 3502 1482 3567 in
1505 3497 1631 3587 feodo,
1659 3497 1703 3568 de
1847 3488 1853 3503 “

325 3593 455 3666 deoima
481 3597 516 3666 in
540 3595 775 3668 Frikenhusen
802 3601 970 3668 annuatim
997 3602 1060 3695 ipsi
1088 3601 1261 3670 constituit
1286 3596 1522 3690 assignandas.

427 3753 599 3843 „Testes:
638 3751 716 3826 Otto
743 3757 850 3827 maior
874 3759 1111 3852 praepositus,
1137 3753 1312 3827 Arnoidus
1340 3751 1509 3844 decanus,
1534 3753 1703 3828 Henrious

326 3863 457 3942 eustos,
482 3851 675 3926 Friderious
703 3865 833 3944 cantor,
859 3855 1023 3928 ailbertus
1041 3855 1260 3942 cellerarius3
1287 3853 1512 3947 Manegoidue
1540 3851 1582 3926 de
1604 3853 1703 3926 Wil-

325 3951 984 4146 atttrititititiitittit
1005 3953 1703 4149 iiiittit‘tttitttittfffl’
