3838 4728
640 413 858 539 episeopetes
884 441 1180 538 wirsiburgensis.
1438 549 1439 552 p
1535 441 1613 521 bbh

227 637 371 713 ebonis
397 641 505 736 ipsius
531 642 745 732 monosterii,
770 643 803 713 si
817 641 982 733 voluerit,
1006 639 1210 715 remouehil.
1262 642 1300 719 ln
1325 645 1422 717 unus
1438 646 1610 718 reiteeti-

226 742 376 812 moniunr
401 749 437 811 et
461 737 670 814 euideneiam
705 740 898 837 pleniorem
935 741 1003 816 hoo
1039 761 1184 838 presens
1219 745 1381 837 seriptum
1416 755 1537 818 nostro
1577 753 1612 817 et

226 839 362 936 eupituli
386 843 497 912 nostrl
523 840 645 938 preioti
680 840 804 938 sigillis
840 841 952 914 ubbnti
986 851 1021 915 et
1054 844 1237 914 eonuontui
1270 841 1431 938 prodistis
1457 843 1610 918 dedimus

225 941 464 1012 eonmunimr.
515 941 638 1014 Dotem
664 940 861 1038 llerbipoli,
895 963 984 1016 enno
1012 941 1139 1016 demini
1164 939 1348 1016 millesimo
1375 942 1610 1020 dueentesimo

227 1043 443 1134 octogesimo
477 1043 607 1138 punio,
645 1039 734 1114 Vlll.
768 1041 933 1116 helendes
968 1043 1079 1132 lunii,
1117 1035 1334 1138 ponffimtes
1367 1048 1478 1118 nostri
1520 1065 1609 1118 enno

227 1143 382 1236 septimo.

432 1338 537 1424 sigilis
559 1346 722 1420 perierunt.

438 1467 464 1545 ¹)
487 1467 611 1534 Charis:
635 1473 842 1553 „reoeptorn“.

866 1889 962 1964 cui.

627 2087 716 2154 Auno
741 2083 844 2170 1281,
868 2085 919 2152 27.
941 2087 1019 2169 listi,
1041 2087 1203 2170 llerbipoli.

223 2269 427 2346 Bertholdue
454 2271 705 2369 herbipolensis
733 2277 916 2370 episeopus
944 2282 1088 2368 quatuor
1114 2293 1253 2346 mensos
1281 2275 1367 2347 sitos
1386 2276 1612 2370 insuperiori

222 2369 427 2445 Breitehuoh
453 2397 472 2444 a
499 2395 539 2446 se
564 2375 598 2444 in
624 2371 728 2444 ieodo
754 2372 997 2468 procedentes,
1025 2395 1108 2466 quus
1123 2372 1330 2446 Bertholdns
1348 2372 1456 2446 dietus
1476 2369 1612 2446 Kilholn

223 2471 323 2546 miles
348 2475 559 2546 monasterio
586 2475 620 2543 in
646 2470 803 2544 iibernoh
831 2474 981 2563 donavit,
1008 2469 1138 2545 liberos
1167 2469 1339 2563 deeleret,
1373 2475 1547 2567 resipiens
1573 2476 1608 2544 in

221 2582 412 2646 rostrorum
439 2571 528 2646 hono
555 2575 590 2644 in
615 2567 848 2667 lpphehoven,
875 2595 894 2643 e
920 2571 1074 2668 praefato
1090 2570 1276 2643 Bertholdo
1304 2575 1338 2644 in
1364 2569 1469 2643 ieodo
1486 2575 1607 2666 possi-

853 2671 973 2744 dende.
1064 2721 1066 2724 -

321 2841 601 2916 Bertholdus
628 2841 682 2914 dei
710 2843 819 2935 gretie
846 2838 1099 2936 herbipolensis
1123 2843 1305 2936 episeopus
1322 2843 1609 2935 reeognosoimue

221 2945 406 3031 uniuersis,
435 2953 502 3014 turn
528 2939 758 3038 presentibus,
785 2964 885 3036 quem
909 2941 1052 3031 futuris,
1078 2949 1263 3036 presentes
1296 2941 1429 3015 litteras
1465 2943 1610 3038 inspee-

223 3045 320 3131 turis,
346 3043 435 3136 quod
461 3040 743 3116 Bertholdus
769 3040 879 3118 diotrrs
905 3040 1088 3116 Kilholn
1116 3040 1214 3114 miles
1240 3043 1275 3113 in
1300 3044 1611 3137 nostropresentie

222 3144 424 3225 eonstitutus
449 3140 549 3215 nobis
576 3145 768 3239 proposuit,
795 3165 835 3215 se
861 3152 1005 3238 quatuor
1031 3163 1171 3214 mensos
1198 3143 1285 3215 sitos
1311 3145 1346 3214 in
1372 3144 1611 3238 superiori

147 3265 151 3272 ’
221 3239 509 3333 Breiteheob,
536 3266 556 3314 e
580 3243 682 3320 nobis
709 3245 743 3316 in
768 3241 872 3316 ieodo
897 3239 1149 3338 procedentes,
1184 3250 1220 3314 et
1244 3239 1323 3316 Vlll
1348 3245 1469 3316 vneies
1496 3241 1609 3314 dene-

221 3344 349 3418 riorum
376 3338 666 3440 herbipolensium
692 3346 789 3418 eoois
817 3343 963 3437 singulis
990 3341 1181 3432 soluentes,
1208 3361 1284 3414 oum
1306 3339 1473 3434 domibus,
1501 3343 1611 3438 egris,

224 3445 332 3532 ortis,
365 3445 496 3538 protis,
531 3447 667 3538 premis
696 3453 731 3516 et
757 3443 833 3518 aliis
859 3444 1099 3538 pertiuentiis,
1124 3441 1268 3536 qrresitis
1295 3451 1330 3514 et
1354 3463 1425 3514 non
1451 3444 1607 3537 quesitis,

223 3541 372 3616 donasse
399 3546 609 3616 monasterio
635 3547 670 3615 in
696 3542 913 3632 Ebersoh,
939 3540 1068 3614 ordinis
1089 3542 1351 3636 cysterciensis,
1377 3551 1497 3614 nostre
1512 3541 1608 3637 dyo-

223 3645 327 3732 oesis,
353 3647 389 3714 in
415 3642 601 3714 remedium
635 3647 747 3716 anime
781 3663 844 3715 sue
879 3651 915 3714 et
947 3641 1115 3734 legasse,
1152 3643 1188 3712 in
1223 3661 1368 3734 quorum
1411 3659 1608 3714 mensorum

220 3751 412 3815 restounnn
437 3740 528 3814 idem
555 3743 653 3816 miles
688 3741 779 3816 bone
812 3741 956 3837 quedem
982 3745 1017 3813 in
1042 3738 1355 3836 lpphehouon,
1392 3737 1481 3814 dioto
1514 3739 1606 3813 bone

220 3841 313 3916 illius
340 3841 383 3914 de
409 3841 588 3932 Steuie,
626 3863 689 3938 per
724 3845 835 3937 ipsum
860 3839 1148 3914 Bertholdnm
1182 3839 1270 3936 epnd
1293 3837 1609 3936 hisrqnordu'm

223 3941 346 4015 dotum
373 3941 505 4014 Stsrn
531 3943 673 4035 militem
700 3953 897 4038 oonporeto,
923 3951 959 4014 et
986 3951 1064 4014 oete
1092 3941 1215 4015 uncins
1241 3939 1459 4016 emerium
1485 3939 1607 4014 herbi-

219 4041 412 4138 polensium
440 4042 609 4116 soluentio
637 4045 819 4132 annuatim,
846 4045 977 4116 nostris
1000 4037 1156 4132 menibus
1180 4044 1390 4136 resignabit,
1417 4061 1458 4113 no
1484 4039 1604 4116 eudem
