3838 4728
521 431 524 450 ’
633 463 852 557 episcopatus
878 459 1173 556 wirsiburgensis.
1527 459 1600 531 535
1733 526 1735 534 Α

214 671 413 737 nocatomm
439 670 473 732 et
498 669 698 754 rogatumm
711 661 849 756 propria
875 668 994 730 nostra
1018 655 1108 730 bona
1135 667 1171 730 et
1197 667 1385 754 spontanea
1404 659 1595 750 uoluntate,

215 763 314 836 ambo
341 760 442 836 stunt
467 781 567 832 manu
594 759 801 847 coadunata,
835 763 962 830 curiam
991 759 1150 832 ‘nostram
1176 761 1274 831 sitam
1299 761 1333 830 in
1361 763 1599 854 superiori

189 863 346 946 ‚uillla
371 859 639 932 Blsicbnelt
665 879 740 930 cnm
775 862 846 930 suis
872 857 1055 947 imctibus,
1088 857 1301 947 redditibus,
1330 862 1446 952 agris,
1480 863 1598 954 pratis,
1693 906 1695 915 ·

214 966 365 1060 pascuis,
387 957 584 1032 nemoribus
610 970 646 1031 et
672 957 829 1031 omnibus
856 959 931 1030 aliis
947 958 1078 1048 usibus,
1104 955 1303 1032 utilitatibus
1328 969 1363 1030 et
1378 961 1599 1054 pertinenciis

216 1075 250 1138 et
276 1083 350 1134 cum
378 1063 470 1132 omni
494 1063 582 1149 iure,
608 1059 699 1154 quod
723 1058 824 1131 nobis
852 1057 1068 1154 competebat
1091 1062 1125 1132 in
1152 1061 1245 1130 curia
1273 1068 1470 1146 memorata,
1497 1059 1600 1132 nichil

215 1167 299 1235 iuris
324 1159 423 1233 nobis
437 1163 470 1232 in
487 1159 753 1256 eadempenitus
773 1168 1008 1249 resumentes,
1026 1161 1193 1251 magistro
1210 1157 1447 1252 Gregorio,
1473 1158 1601 1231 domini

215 1285 301 1360 pape
329 1260 527 1356 capellano,
565 1269 599 1331 et
633 1259 873 1332 archidiacono
900 1257 1134 1354 herbipolensi
1173 1269 1208 1330 et
1245 1261 1317 1332 suis
1355 1257 1537 1332 heredibus
1565 1269 1600 1330 et

218 1360 480 1438 successoribus
506 1359 562 1431 uel
589 1363 663 1448 oui,
688 1360 745 1430 uel
773 1357 891 1454 quibus
918 1357 1081 1449 uendere,
1108 1358 1191 1430 dare
1217 1379 1280 1432 sen
1312 1359 1441 1431 donare
1465 1362 1599 1455 imper-

216 1473 353 1560 petuum
376 1459 538 1550 uoluerit,
563 1480 625 1554 pro
654 1479 747 1530 mera
773 1481 855 1530 uera
882 1469 917 1531 et
941 1481 1024 1554 pura
1050 1462 1260 1554 proprietate
1283 1469 1318 1530 et
1343 1458 1533 1532 absolutum
1559 1457 1601 1531 ab

217 1566 308 1636 omni
333 1561 465 1635 honere
490 1559 732 1632 aduocacionis
767 1561 825 1631 uel
853 1581 992 1650 census,
1016 1559 1073 1630 uel
1101 1562 1341 1653 cuiuscumque
1380 1563 1517 1632 semicii
1543 1558 1602 1632 uel

217 1662 358 1736 honeris
383 1658 618 1749 uendidinnus,
654 1658 807 1731 dedimus
843 1669 878 1730 et
902 1657 1098 1732 tradidimus
1126 1669 1161 1730 et
1185 1681 1247 1754 per
1274 1669 1457 1754 presentes
1481 1659 1600 1732 literas

217 1762 409 1851 vendimus,
435 1759 552 1832 damus
581 1769 615 1830 et
639 1759 802 1832 tradimus
829 1758 939 1830 eidem
966 1761 1131 1853 magistro
1151 1757 1387 1852 Gregorio.
1417 1759 1491 1846 Qua
1508 1762 1602 1830 curia

218 1867 315 1935 annis
352 1860 497 1955 singulis
532 1859 673 1932 soluere
711 1857 813 1930 debet
851 1858 1002 1930 sedecim
1042 1857 1170 1931 maldra
1208 1858 1356 1952 siliginis
1390 1869 1424 1931 et
1458 1869 1603 1953 quatuor

219 1984 328 2035 auena
357 1961 398 2034 ad
423 1981 618 2032 mensuram
643 1958 931 2054 herbipolensem.
984 1959 1059 2046 Qus
1087 1961 1224 2049 omnia,
1251 1959 1412 2031 uidelicet
1437 1959 1541 2054 siligo
1569 1967 1604 2032 et

220 2083 329 2134 auena
368 2083 429 2157 per
467 2059 627 2132 colonum
671 2058 760 2130 dicte
798 2061 893 2129 curie
934 2062 1125 2154 presentari
1164 2057 1288 2130 dehent
1321 2062 1417 2131 annis
1454 2058 1600 2153 singulis

218 2162 371 2258 predicto
399 2159 639 2232 archidiacono
667 2168 701 2230 et
728 2163 799 2233 suis
827 2159 1090 2231 successoribus
1120 2158 1208 2253 apud
1234 2161 1404 2232 ciuitatem
1431 2158 1600 2254 herbipo-

218 2261 352 2336 lensem
379 2260 436 2332 nel
463 2262 496 2332 in
523 2259 592 2331 alio
618 2260 699 2330 loco
727 2257 931 2330 tantumdem
966 2258 1157 2330 distantes
1184 2257 1271 2330 diota
1304 2259 1386 2330 uilla
1419 2259 1601 2331 Bleich-

219 2362 326 2450 uelt,
352 2382 450 2455 quern
465 2357 616 2454 prelatus
633 2357 890 2430 archidiaconus
904 2358 1023 2432 uelsui
1036 2379 1262 2432 successores
1279 2357 1322 2428 ad
1336 2357 1402 2430 hoc
1419 2358 1601 2451 elegerint.
1686 2395 1691 2404 ·

219 2460 466 2534 Niobilominus
494 2479 594 2529 manu
620 2467 655 2528 et
680 2457 812 2530 calamo
841 2457 882 2528 ad
908 2477 1026 2530 manue
1053 2457 1219 2528 dictorum
1247 2455 1403 2530 officialis
1431 2467 1465 2528 et
1482 2457 1600 2527 archi-

218 2561 353 2634 diaconi
379 2561 629 2652 resignauimus
657 2567 691 2627 et
716 2561 933 2650 resignamus
961 2559 1140 2645 omniiuri,
1167 2555 1372 2649 quodnobis
1386 2555 1603 2650 competebat

218 2663 254 2734 in
280 2663 373 2734 curia
399 2657 602 2754 supradicta,
628 2656 731 2730 nichil
755 2660 839 2730 iuris
865 2653 964 2730 nobis
991 2659 1125 2751 penitus
1140 2667 1372 2736 ¹resumentes
1405 2666 1439 2728 at
1464 2677 1603 2728 memo·-

217 2771 327 2833 ratum
354 2757 628 2831 archidiaconum
661 2761 694 2828 in
728 2757 864 2853 plenam
898 2766 933 2828 et
967 2755 1183 2852 corporalem
1209 2759 1472 2850 possessionem
1497 2754 1601 2827 indu-

220 2864 325 2933 cimus
361 2881 424 2954 per
456 2869 657 2954 presentes,
696 2869 731 2929 et
767 2856 878 2929 induci
917 2855 1060 2928 lecimus
1098 2877 1159 2951 per
1194 2855 1443 2928 Conradum
1477 2854 1602 2928 dictum

221 2959 516 3052 Steinkoiph,
558 2979 657 3052 quem
696 2955 736 3027 ad
771 2958 838 3029 hoc
870 2967 1023 3029 nostmm
1061 2959 1297 3029 constituimus
1330 2967 1601 3051 procuratorem.

216 3059 315 3132 llanm
341 3055 452 3130 uutein
477 3056 739 3144 uendicionem,
775 3060 1040 3131 concessionem
1075 3067 1109 3128 et
1134 3056 1357 3128 tradicionem
1389 3056 1533 3128 lecimus
1569 3067 1603 3128 et

219 3159 363 3232 iacimus
388 3180 452 3255 pro
479 3161 597 3254 precio
622 3159 743 3251 viginti
770 3157 932 3229 librarum
966 3165 1000 3228 et
1033 3160 1154 3248 viginti
1181 3161 1356 3229 unciarum
1384 3156 1603 3229 denariorum

218 3259 533 3354 herbipolensium,
570 3256 660 3352 quod
684 3261 835 3354 precium
874 3261 1107 3329 innumerata
1144 3261 1286 3352 pecunia
1314 3260 1527 3353 recepimus,
1561 3256 1604 3328 de

221 3381 285 3454 qua
310 3380 376 3432 nos
404 3357 495 3430 bene
520 3369 660 3452 pacatos
687 3369 722 3430 et
735 3361 905 3452 quietatos
918 3359 1203 3450 recognoscimus
1218 3367 1252 3428 et
1266 3379 1443 3447 uocamus,
1468 3379 1604 3428 renun-

221 3463 350 3532 ciantes
379 3476 549 3553 expresse
576 3461 778 3553 excepcioni
803 3478 872 3529 non
898 3467 1074 3528 numerate
1111 3467 1146 3528 et
1184 3479 1253 3529 non
1293 3457 1406 3530 solute
1445 3459 1603 3552 pecunie,

223 3563 347 3632 actioni
375 3557 417 3629 de
444 3559 525 3630 dolo
553 3569 588 3630 et
612 3559 795 3654 priuilegio
832 3555 921 3628 dotis
948 3559 1023 3629 siue
1050 3555 1250 3628 donacionis
1283 3567 1424 3654 propter
1457 3559 1602 3651 nuptias,

222 3662 475 3748 constitucioni,
499 3659 557 3730 nel
584 3657 821 3730 consuetudini
847 3656 1002 3750 generali
1027 3657 1085 3727 uel
1117 3657 1240 3745 locali,
1275 3669 1310 3730 et
1343 3657 1435 3729 omni
1473 3655 1602 3728 auxilio

222 3763 305 3832 iuris
332 3763 487 3832 canonici
514 3759 572 3829 uel
590 3758 711 3844 ciuilis,
739 3768 795 3828 aut
809 3756 1075 3844 consuetudinis,
1102 3777 1263 3852 perquam
1278 3754 1470 3831 huiusmodi
1482 3765 1604 3852 posset

221 3859 380 3931 uendlcio
419 3855 573 3954 impediri
606 3857 662 3929 uel
696 3855 867 3952 predictus
893 3855 1151 3927 archidiaconus
1191 3867 1247 3927 ant
1283 3861 1335 3929 sui
1376 3877 1602 3928 successores

221 3961 446 4055 calumpniam
481 3963 556 4031 siue
590 3957 783 4031 molestiam
817 3957 961 4051 aliquam
996 3967 1140 4051 possent
1173 3960 1251 4050 pati.
1304 3957 1348 4028 Et
1385 3967 1421 4027 ut
1452 3953 1604 4052 predicta

222 4058 318 4132 lirnna
346 4070 381 4131 et
404 4057 532 4131 illibata
543 4067 710 4154 perpetuo
721 4068 954 4153 permaneant,
980 4066 1015 4128 et
1031 4055 1072 4128 ad
1086 4077 1203 4128 uerum
1219 4056 1453 4129 certitudinem
1468 4056 1606 4128 lacien-
