3774 4728
308 467 379 546 toa
889 465 1106 544 Monumenta

168 691 171 696 '
270 734 273 739 .
305 675 378 748 sais
405 667 563 754 iratribus
590 667 823 768 Herbipoli
850 669 1040 744 constitutis
1068 689 1114 739 ex
1138 667 1257 740 alteras
1297 665 1437 742 Fratres
1454 667 1534 742 dicti
1558 665 1689 742 ordinis

308 773 548 846 heremitarum
586 775 694 844 sancti
730 773 914 866 Augustini
950 765 1216 862 herbipolenses
1256 765 1421 842 suberunt
1456 777 1491 842 et
1528 765 1691 842 obedient

306 873 443 946 domino
470 873 633 968 episcopo
660 871 895 968 herbipolensi
921 873 954 942 in
984 867 1154 958 omnibus,
1181 867 1287 942 saluis
1303 872 1355 942 sui
1370 867 1498 943 ordinis
1515 871 1689 943 institutis.

307 973 451 1046 Ordines
478 982 513 1042 et
539 971 604 1042 alia
631 982 844 1045 sacramenta
869 973 1036 1066 recipient
1062 993 1080 1039 a
1109 967 1244 1040 domino
1272 973 1437 1066 episcopo
1464 967 1524 1043 vel
1544 967 1586 1042 ab
1606 969 1689 1060 alio,

306 1078 381 1147 eius
406 1073 545 1148 licentia
569 1077 742 1167 requisita.
793 1073 1116 1146 Excommuuicatos
1156 1072 1230 1142 eius
1258 1067 1418 1142 uitabunt.
1469 1067 1689 1143 Interdictum

305 1173 471 1270 generale
498 1171 539 1242 ab
565 1195 608 1244 eo
635 1173 694 1246 vel
721 1175 868 1268 capitulo
905 1174 1043 1244 maioris
1082 1169 1248 1242 ecclesie·
1270 1173 1417 1266 positum
1443 1169 1689 1262 obseruabunt,

304 1277 371 1348 nisi
399 1284 563 1368 quatenns
591 1273 732 1368 speciali
758 1275 940 1370 priuilegio
968 1279 1045 1342 sunt
1072 1273 1240 1367 exempti,
1275 1271 1410 1344 scilicet
1434 1283 1469 1343 ut
1496 1270 1684 1342 interdictis

307 1383 342 1447 et
369 1375 662 1446 excommunicatis
700 1373 873 1464 exclusis,
911 1375 1020 1444 ianuis
1048 1370 1202 1446 clausis.
1237 1393 1305 1442 non
1340 1371 1481 1468 pulsatis
1518 1373 1691 1468 campanis

314 1473 489 1547 celebrent
515 1495 605 1545 voce
630 1475 811 1548 submissa.
864 1473 1078 1569 Sepulturam
1106 1469 1276 1564 habebunt
1301 1481 1427 1543 tantum
1451 1493 1513 1568 pro
1531 1470 1692 1546 iratribus

310 1585 344 1648 et
370 1575 550 1647 conuersis
578 1585 611 1644 et
637 1575 763 1646 familia
790 1577 877 1646 intra
903 1583 1000 1670 septa
1027 1571 1166 1644 claustri
1193 1581 1423 1644 commorante.
1475 1575 1695 1646 Auctoritate

309 1673 434 1746 domini
474 1695 561 1769 pape
600 1697 703 1771 super
742 1673 809 1745 hoc
849 1674 1036 1748 accedente
1077 1670 1202 1743 domini
1243 1669 1497 1768 herbipolensis
1540 1675 1695 1770 episcopi

307 1775 445 1847 licentia
472 1773 615 1870 speciali
642 1785 677 1846 et
702 1797 875 1848 consensu
903 1777 935 1846 in
964 1775 1099 1862 ciuitate
1125 1771 1357 1868 herbipolensi
1385 1783 1419 1845 et
1441 1773 1585 1872 dyocesi
1606 1795 1694 1870 pre-

309 1873 476 1964 dicabunt,
503 1877 557 1968 qui
584 1897 646 1970 per
670 1879 821 1970 priorem
849 1875 969 1948 domus
996 1871 1247 1968 herbipolensis
1275 1871 1316 1944 ad
1341 1871 1584 1971 predicationis
1609 1871 1695 1946 oib-

310 1979 398 2046 cium
425 1975 549 2046 luerint
575 1973 703 2070 ydonei
728 1973 874 2048 iudicati.
929 1971 1104 2047 Cauebnnt
1128 1983 1252 2062 autem,
1279 1996 1323 2045 ne
1350 1977 1383 2050 in
1404 1973 1695 2070 predicationibus

310 2077 382 2150 suis
409 2073 639 2148 scandalizent
666 2076 814 2150 clericos
842 2076 899 2148 uel
925 2075 1089 2172 prelatos.
1142 2076 1210 2146 Per
1235 2073 1487 2170 predicationes
1516 2095 1596 2148 suas
1622 2097 1694 2146 uon
1808 2162 1815 2168 ⁸

307 2175 493 2271 impedient
520 2179 686 2250 stationes
716 2175 952 2274 sollempnes,
978 2183 1077 2272 puta:
1105 2177 1343 2270 rogationum,
1379 2173 1505 2250 letanie
1543 2177 1697 2268 maioris,

309 2278 556 2372 processiones
591 2275 720 2347 dierum
748 2277 986 2372 sollempnium
1013 2273 1228 2366 Palmarum,
1262 2274 1416 2366 Pascha,
1451 2275 1697 2366 Ascensionis,

308 2375 547 2464 PentecosteS,
572 2376 710 2473 Kyllani
737 2389 771 2449 et
797 2378 927 2452 similes
953 2376 1011 2448 vel
1039 2375 1143 2466 alias,
1170 2398 1253 2470 quus
1281 2379 1464 2472 episcopus
1502 2375 1560 2448 uel
1586 2379 1698 2450 maior

280 2481 281 2486 ’
310 2477 461 2550 ecclesia
486 2475 691 2572 specialibus
719 2477 761 2550 de
789 2481 901 2552 causis
918 2477 1052 2548 duxerit
1067 2475 1274 2550 indicendus.
1303 2476 1553 2550 Dedicaciones
1571 2477 1695 2549 ecclc-

310 2581 435 2651 siarum
463 2578 737 2650 conuentualium
763 2583 797 2649 in
824 2581 971 2668 ciuitate,
997 2575 1240 2672 parochialium
1267 2579 1302 2649 in
1328 2599 1408 2649 rore
1423 2599 1494 2650 non
1512 2577 1698 2672 impedient

309 2676 356 2749 rbi
381 2675 589 2773 predicando
628 2688 662 2749 et
696 2682 747 2751 sic
772 2678 932 2774 populum
956 2676 1159 2765 ,auocando,
1197 2679 1264 2750 nisi
1300 2675 1404 2748 fuerit
1440 2676 1482 2748 de
1521 2678 1700 2751 uoluntate

316 2775 522 2850 decanorum
559 2781 593 2850 iu
631 2780 767 2851 ciuitate
806 2789 841 2850 et
877 2776 1160 2873 parochianorum
1195 2779 1228 2848 in
1268 2797 1360 2848 rure.
1414 2775 1548 2852 Ceteris
1584 2788 1697 2851 autem

311 2876 443 2968 diebus,
470 2877 589 2972 quibus
615 2878 742 2950 nullum
769 2877 996 2973 predictomm
1023 2876 1339 2972 impedimentorum
1367 2881 1578 2968 occurrerit,
1615 2877 1699 2974 pul-

310 2987 384 3052 sata
410 2981 517 3072 prima
543 2981 577 3050 in
593 2981 729 3050 ciuitate
744 2977 853 3050 libere
869 2976 1101 3074 predicabant,
1128 2981 1173 3047 ita
1188 2987 1313 3066 tamen,
1339 2977 1428 3072 quod
1442 2977 1546 3052 nullis
1560 2977 1696 3069 diebus,

309 3076 441 3173 quando
468 3081 589 3150 maiori
615 3078 766 3152 ecclesie
800 3079 911 3151 bonor
944 3080 1125 3150 consueuit
1160 3076 1336 3168 exhiberi,
1374 3077 1554 3169 tacebunt,
1582 3077 1698 3152 donec

308 3180 489 3251 missarum
517 3177 719 3275 sollempnia
756 3177 983 3251 celebrentur.
1035 3175 1183 3251 Audient
1222 3187 1334 3250 autem
1375 3177 1617 3252 confessiones
1663 3190 1698 3252 et

308 3281 486 3373 iniungant
511 3282 721 3374 penitenciae
748 3277 809 3352 sub
843 3279 906 3351 bac
939 3279 1069 3350 forma:
1112 3301 1199 3368 eos,
1238 3281 1294 3372 qui
1332 3277 1514 3351 inmediate
1550 3279 1696 3353 subsunt

310 3381 486 3475 episcopo,
512 3389 607 3475 puta:
636 3403 713 3470 oos,
739 3384 794 3474 qui
822 3379 975 3451 dicuntur
1002 3377 1202 3474 synodales,
1227 3379 1393 3474 recipient
1421 3382 1498 3450 uice
1525 3384 1692 3476 episcopi,

308 3479 431 3575 laycos
458 3489 582 3568 autem,
608 3483 664 3574 qui
689 3479 843 3575 plebanis
871 3478 1024 3568 subsunt,
1051 3488 1085 3549 et
1110 3478 1271 3568 clericos,
1298 3483 1353 3574 qui
1377 3478 1515 3552 decanis
1537 3479 1693 3572 subsunt,

309 3579 496 3652 monachos
524 3589 559 3651 et
568 3580 749 3672 regulares
763 3583 962 3670 canonicos,
988 3577 1147 3651 uolentes
1163 3579 1215 3650 eis
1232 3577 1398 3668 confiteri,
1425 3601 1494 3652 non
1513 3583 1691 3676 recipient,

310 3681 376 3752 nisi
403 3683 474 3752 suis
500 3679 641 3774 prelatis
669 3683 821 3775 primitus
858 3683 925 3752 siut
949 3679 1122 3765 contessi;
1163 3677 1252 3750 iacta
1290 3690 1402 3752 autom
1438 3683 1509 3754 suis
1550 3681 1692 3776 prelatis

312 3778 535 3853 confessione
560 3779 619 3852 vel
646 3779 783 3853 licentia
809 3779 921 3852 habita
948 3777 1055 3850 libere
1084 3775 1323 3853 confessiones
1352 3802 1470 3852 eorum
1497 3779 1633 3854 audiant
1660 3791 1694 3854 at

309 3881 514 3976 penitentias
541 3881 724 3974 iniungant.
778 3877 817 3954 Si
842 3882 916 3974 quis
944 3889 1056 3951 autem
1083 3875 1228 3970 dixerit,
1262 3903 1302 3953 se
1342 3884 1482 3978 proprio
1524 3879 1694 3954 sacerdoti

309 3978 405 4051 nolle
433 3977 607 4068 confiteri,
646 3981 712 4052 nisi
749 4001 795 4050 ex
833 4003 936 4052 causa
977 3977 1163 4052 canonibus
1203 3980 1484 4076 penitencialibus
1513 4003 1696 4078 expressa,

311 4078 505 4160 nullatenus
533 4077 695 4155 audiatur.
746 4079 790 4153 Et
816 4083 846 4156 si
872 4081 1060 4176 contingat,
1085 4080 1174 4178 quoi
1207 4081 1327 4180 aliquis
1354 4084 1388 4154 in
1413 4085 1580 4184 principio
1608 4105 1696 4162 cou-
