3776 4730
622 463 1158 564 episcopeiuswirudburgensls.
1510 461 1600 542 501·

409 663 547 727 Existunt
568 660 628 726 duo
652 665 852 746 exemplaria,
876 685 1003 748 quorum
1027 667 1191 733 sociandum
1214 668 1319 732 habel:
1357 667 1382 744 ¹)
1405 675 1435 730 et
1461 665 1487 746 ἲ)
1509 667 1599 748 ,,ἀί-«

414 747 592 810 nrldlelalem
615 750 770 830 decime“,
796 749 826 829 ³)
850 751 1061 829 ‚.dirnidielalis
1083 754 1162 818 dleie
1185 753 1342 830 deelme“,
1367 753 1396 830 ⁴)
1418 753 1582 832 „dimidie-

409 839 497 898 tarem
520 831 668 912 decime“,
694 835 720 912 ὅ)
735 835 944 916 „dimidielalis
959 838 1108 920 decline“,
1134 836 1161 916 ⁶)
1179 837 1394 918 Bllhililrusln“‚
1421 838 1581 924 ⁷)„Swie-

409 917 533 1004 gerus“‚
558 917 586 998 ⁸)
609 919 837 998 „lievslrowe“,
1252 928 1254 931 ’

796 1402 980 1478 ccxxix,

678 1603 767 1666 ano
793 1600 895 1683 12⁷9„
921 1599 967 1668 17.
992 1605 1096 1668 nmis.

203 1781 386 1856 Berioldus
413 1783 665 1882 herbipolensis
690 1794 873 1885 episcopus
907 1793 1149 1888 proprietatem
1177 1789 1312 1878 allodii,
1352 1793 1406 1860 sili
1433 1795 1468 1862 in
1494 1789 1601 1864 llis--

200 1879 312 1973 loide,
346 1885 436 1978 quod
463 1885 585 1959 Siboto
612 1888 655 1961 de
680 1889 935 1984 Heilingcsvell
971 1903 1004 1962 ei
1029 1893 1106 1964 luta
1143 1911 1232 1963 uxor
1258 1894 1332 1962 eius
1360 1889 1401 1960 ab
1428 1891 1578 1964 ecelesia

200 1981 434 2079 herbipolensi
460 1989 493 2058 in
518 1987 623 2060 leudo
650 1989 835 2077 habebunn
867 2002 902 2062 et
927 1995 1092 2082 magistro
1119 1991 1291 2086 Gregorio
1319 1990 1444 2067 domiui
1471 2008 1581 2087 papae

200 2084 377 2179 capellano
405 2096 438 2156 ei
466 2087 705 2162 archidiacono
732 2089 963 2188 herbipolensi
990 2091 1226 2179 vendiderann
1253 2093 1287 2162 ln
1313 2090 1437 2162 dienrrn
1460 2092 1580 2163 arciri-

335 2184 514 2258 diaconum
539 2189 701 2262 noussen
727 2191 769 2262 ad
796 2191 1013 2264 ordinandum
1041 2203 1239 2287 perpensare
1264 2195 1437 2264 niceriam.

221 2413 224 2426 ·
299 2384 323 2456 l.
349 2409 382 2458 n.
411 2387 443 2459 d.
470 2411 500 2460 a.
561 2388 634 2461 Nos
667 2391 916 2462 Berloldus
953 2392 1008 2462 dei
1046 2396 1155 2485 gralia
1193 2393 1379 2484 episcopus
1412 2390 1579 2485 herbipo-

200 2487 309 2560 lensis
335 2497 449 2559 nolum
477 2489 619 2561 lacirnus
644 2493 817 2561 uniuersis
844 2503 1036 2586 presentes
1060 2491 1192 2562 litteras
1226 2493 1454 2583 inspecturis,
1490 2489 1579 2584 quod

200 2587 358 2660 Sibolo
385 2587 804 2683 delleilingesveli
841 2602 875 2662 ei
901 2593 1000 2663 luta
1027 2611 1116 2662 uxor
1142 2613 1203 2662 sue
1233 2594 1266 2660 in
1293 2601 1411 2661 nostru
1438 2601 1472 2660 el
1499 2601 1578 2662 nes-

199 2690 283 2760 iium
318 2686 584 2784 subscriptorum
622 2695 793 2786 presentia
823 2694 997 2763 constituti
1034 2695 1161 2767 curiam
1190 2694 1263 2763 siue
1291 2687 1450 2762 allodium
1478 2693 1579 2762 sinin

199 2790 233 2860 in
260 2787 343 2860 villu
365 2787 579 2862 Eisleilre
605 2787 680 2862 erin
708 2791 863 2863 omnibus
893 2795 964 2866 suis
977 2827 981 2835 ,
986 2790 1118 2884 juribus
1146 2803 1180 2863 el
1206 2792 1431 2886 pertinentiis
1458 2789 1595 2862 ualuis·

201 2891 235 2960 in
269 2885 456 2960 redditibus
492 2889 638 2984 singulis
672 2895 768 2963 anuis
805 2892 1026 2988 quadraginta
1061 2891 1190 2963 maldra
1227 2887 1375 2983 siliginis
1408 2901 1443 2962 ed
1475 2909 1578 2962 vnum

202 2992 289 3084 pise,
315 2989 404 3084 (prod
477 2990 576 3064 nobis
598 3002 637 3063 'el
663 2992 812 3063 ecclesia
840 3004 957 3064 nostra
988 2996 1021 3064 in
1048 2991 1185 3064 feodum
1212 2989 1391 3078 habebant,
1414 2987 1472 3093 ¹de'
1489 3011 1579 3064 con-

203 3111 307 3162 sensu
334 3101 454 3162 nostro
481 3103 516 3162 el
542 3092 678 3187 capituli
703 3097 812 3164 nostri
839 3089 1060 3174 uendiderunt
1086 3089 1490 3186 magistroGregorio
1510 3090 1595 3164 do··

201 3193 282 3262 mini
307 3211 394 3286 pepe
419 3191 598 3287 capellano
626 3203 660 3262 ei
686 3191 925 3266 archidiacono
954 3194 1104 3264 ecclesie
1130 3203 1250 3266 noslre
1276 3201 1310 3263 el
1337 3193 1407 3264 suis
1430 3213 1578 3264 sucees-

202 3289 339 3362 son'lrus
365 3301 400 3362 ei
419 3296 478 3362 oui
505 3293 562 3363 nel
588 3291 707 3386 quibus
735 3293 816 3363 dare
843 3295 898 3364 uel
927 3292 1120 3366 concedere
1147 3293 1294 3364 uoluerit
1314 3293 1394 3383 jure
1414 3302 1578 3388 perpetuo

200 3389 455 3486 possidendum,
482 3403 515 3464 el
542 3413 643 3464 omne
666 3396 735 3486 jus,
763 3393 850 3486 quod
876 3396 927 3465 eis
944 3391 1158 3488 competebat
1183 3391 1426 3464 transtulerunt
1447 3394 1480 3461 in
1500 3389 1578 3462 dic-

200 3501 268 3564 ium
295 3491 579 3578 archidiaconum,
606 3492 708 3564 nichil
735 3497 769 3565 in
796 3493 917 3565 eodem
946 3497 1027 3564 iuris
1056 3491 1121 3564 sibi
1147 3501 1379 3578 reseruanles
1414 3501 1449 3560 ei
1476 3490 1577 3584 qnid-

199 3591 276 3686 quid
306 3595 393 3686 juris
427 3593 614 3664 habuerunt
647 3596 680 3664 in
714 3615 833 3665 munus
865 3604 1002 3665 nostrus
1038 3604 1073 3664 el
1104 3592 1181 3664 dicii
1215 3589 1444 3663 archidiaconi
1478 3611 1578 3662 menn

198 3693 385 3772 eoadunale
411 3704 446 3764 el
472 3692 615 3780 calamo
641 3703 742 3788 prout
768 3697 875 3765 nioris
898 3704 933 3764 el
957 3693 1209 3765 consuetudinis
1226 3703 1290 3779 est,
1317 3693 1580 3782 resigueueruul

199 3802 235 3864 cl
259 3798 292 3866 in
320 3794 534 3890 corporalem
561 3795 820 3888 possessionem
848 3794 926 3864 dien
952 3793 1068 3865 allodii
1095 3795 1169 3864 siue
1196 3795 1289 3863 curie
1310 3790 1432 3861 dicium
1459 3789 1577 3861 arohi-

197 3893 374 3968 diaconum
412 3917 473 3990 per
501 3893 749 3966 Gunradum
778 3893 900 3966 dictum
934 3894 1110 3965 llorere
1137 3891 1342 3964 induxerunt
1366 3903 1484 3964 nostra
1511 3913 1576 3962 ac-

189 3995 341 4068 'cedenle
376 3998 588 4066 auctoritate.
648 3993 743 4066 Hanc
776 3997 879 4088 igilur
911 3993 1143 4065 venditionem
1177 3992 1319 4088 predicti
1348 3989 1509 4062 Sibolo
1542 4001 1576 4062 ei

195 4093 314 4192 luta,
342 4119 429 4171 uxor
457 4117 530 4186 sua,
556 4115 618 4194 pro
646 4117 687 4179 se
714 4105 748 4170 el
774 4099 845 4174 suis
871 4093 1053 4178 heredibus
1079 4093 1234 4173 lecerunt
1254 4115 1316 4192 pro
1332 4093 1449 4196 precie
1469 4101 1575 4168 ocio-
