<?xml version="1.0" encoding="UTF-8"?>
<!DOCTYPE html PUBLIC "-//W3C//DTD XHTML 1.0 Transitional//EN"
    "http://www.w3.org/TR/xhtml1/DTD/xhtml1-transitional.dtd">
<html xmlns="http://www.w3.org/1999/xhtml" xml:lang="en" lang="en">
 <head>
  <title>
</title>
<meta http-equiv="Content-Type" content="text/html;charset=utf-8" />
  <meta name='ocr-system' content='tesseract 3.04.00' />
  <meta name='ocr-capabilities' content='ocr_page ocr_carea ocr_par ocr_line ocrx_word'/>
</head>
<body>
  <div class='ocr_page' id='page_1' title='image "./monumentaboica00karagoog_0499.png"; bbox 0 0 3776 4730; ppageno 0'>
   <div class='ocr_carea' id='block_1_1' title="bbox 593 453 1562 558">
    <p class='ocr_par' dir='ltr' id='par_1_1' title="bbox 593 453 1562 558">
     <span class='ocr_line' id='line_1_1' title="bbox 593 453 1562 558; baseline 0 -26"><span class='ocrx_word' id='word_1_1' title='bbox 593 461 811 558; x_wconf 80' lang='lat' dir='ltr'><strong>episcopetur</strong></span> <span class='ocrx_word' id='word_1_2' title='bbox 845 461 1137 558; x_wconf 81' lang='lat' dir='ltr'><strong>rrlrrilldrgensls.</strong></span> <span class='ocrx_word' id='word_1_3' title='bbox 1491 453 1562 532; x_wconf 80' lang='lat' dir='ltr'><strong>tet</strong></span> 
     </span>
    </p>
   </div>
   <div class='ocr_carea' id='block_1_2' title="bbox 185 643 1593 759">
    <p class='ocr_par' dir='ltr' id='par_1_2' title="bbox 185 643 1593 759">
     <span class='ocr_line' id='line_1_2' title="bbox 185 643 1593 759; baseline 0.005 -32"><span class='ocrx_word' id='word_1_4' title='bbox 185 653 273 729; x_wconf 88' lang='lat' dir='ltr'><strong>dicte</strong></span> <span class='ocrx_word' id='word_1_5' title='bbox 299 643 522 754; x_wconf 78' lang='lat' dir='ltr'><strong>porrochielis</strong></span> <span class='ocrx_word' id='word_1_6' title='bbox 545 651 937 755; x_wconf 67' lang='lat' dir='ltr'><strong>&#39;ecclesierilinqrreteh</strong></span> <span class='ocrx_word' id='word_1_7' title='bbox 961 661 1052 759; x_wconf 80' lang='lat' dir='ltr'><strong>quod</strong></span> <span class='ocrx_word' id='word_1_8' title='bbox 1073 661 1562 759; x_wconf 77' lang='lat' dir='ltr'><strong>possithdspitelitem&#39;tecere</strong></span> <span class='ocrx_word' id='word_1_9' title='bbox 1590 707 1593 713; x_wconf 93' lang='lat'>-</span> 
     </span>
    </p>
   </div>
   <div class='ocr_carea' id='block_1_3' title="bbox 71 758 1562 858">
    <p class='ocr_par' dir='ltr' id='par_1_3' title="bbox 71 758 1562 858">
     <span class='ocr_line' id='line_1_3' title="bbox 71 758 1562 858; baseline 0.005 -31"><span class='ocrx_word' id='word_1_10' title='bbox 71 775 75 784; x_wconf 92' lang='lat'>·</span> <span class='ocrx_word' id='word_1_11' title='bbox 185 779 225 828; x_wconf 83' lang='lat' dir='ltr'><strong>ec</strong></span> <span class='ocrx_word' id='word_1_12' title='bbox 259 758 359 830; x_wconf 90' lang='lat' dir='ltr'><strong>nobis</strong></span> <span class='ocrx_word' id='word_1_13' title='bbox 392 770 427 831; x_wconf 86' lang='lat' dir='ltr'><strong>et</strong></span> <span class='ocrx_word' id='word_1_14' title='bbox 458 759 712 856; x_wconf 71' lang='lat' dir='ltr'><strong>archidyacono</strong></span> <span class='ocrx_word' id='word_1_15' title='bbox 738 760 806 832; x_wconf 82' lang='lat' dir='ltr'><strong>loci</strong></span> <span class='ocrx_word' id='word_1_16' title='bbox 832 761 875 833; x_wconf 86' lang='lat' dir='ltr'><strong>de</strong></span> <span class='ocrx_word' id='word_1_17' title='bbox 900 767 1029 838; x_wconf 86' lang='lat' dir='ltr'><strong>nostris</strong></span> <span class='ocrx_word' id='word_1_18' title='bbox 1051 763 1184 856; x_wconf 86' lang='lat' dir='ltr'><strong>jnribus</strong></span> <span class='ocrx_word' id='word_1_19' title='bbox 1210 761 1457 858; x_wconf 85' lang='lat' dir='ltr'><strong>respondere,¹</strong></span> <span class='ocrx_word' id='word_1_20' title='bbox 1482 761 1562 838; x_wconf 85' lang='lat' dir='ltr'><strong>edi-</strong></span> 
     </span>
    </p>
   </div>
   <div class='ocr_carea' id='block_1_4' title="bbox 176 850 1563 2352">
    <p class='ocr_par' dir='ltr' id='par_1_4' title="bbox 176 850 1563 2352">
     <span class='ocr_line' id='line_1_4' title="bbox 186 850 1563 958; baseline 0.005 -31"><span class='ocrx_word' id='word_1_21' title='bbox 186 860 315 929; x_wconf 78' lang='lat' dir='ltr'><strong>cientes</strong></span> <span class='ocrx_word' id='word_1_22' title='bbox 351 850 567 934; x_wconf 82' lang='lat' dir='ltr'><strong>nlhildminns</strong></span> <span class='ocrx_word' id='word_1_23' title='bbox 603 859 645 932; x_wconf 90' lang='lat' dir='ltr'><strong>oh</strong></span> <span class='ocrx_word' id='word_1_24' title='bbox 676 865 910 934; x_wconf 73' lang='lat' dir='ltr'><strong>reserentism</strong></span> <span class='ocrx_word' id='word_1_25' title='bbox 945 865 1091 958; x_wconf 83' lang='lat' dir='ltr'><strong>gloriosi</strong></span> <span class='ocrx_word' id='word_1_26' title='bbox 1129 865 1287 957; x_wconf 80' lang='lat' dir='ltr'><strong>eorporis</strong></span> <span class='ocrx_word' id='word_1_27' title='bbox 1325 871 1360 932; x_wconf 88' lang='lat' dir='ltr'><strong>et</strong></span> <span class='ocrx_word' id='word_1_28' title='bbox 1386 865 1563 954; x_wconf 77' lang='lat' dir='ltr'>sanguinis</span> 
     </span>
     <span class='ocr_line' id='line_1_5' title="bbox 186 949 1562 1069; baseline 0.003 -39"><span class='ocrx_word' id='word_1_29' title='bbox 186 957 390 1049; x_wconf 75' lang='lat' dir='ltr'><strong>saluatoris,</strong></span> <span class='ocrx_word' id='word_1_30' title='bbox 423 969 466 1069; x_wconf 34' lang='lat' dir='ltr'><strong>&#39;vt</strong></span> <span class='ocrx_word' id='word_1_31' title='bbox 499 960 543 1032; x_wconf 92' lang='lat' dir='ltr'><strong>de</strong></span> <span class='ocrx_word' id='word_1_32' title='bbox 578 960 800 1054; x_wconf 84' lang='lat' dir='ltr'><strong>prodentibus</strong></span> <span class='ocrx_word' id='word_1_33' title='bbox 834 969 1024 1060; x_wconf 85' lang='lat' dir='ltr'><strong>prescripto</strong></span> <span class='ocrx_word' id='word_1_34' title='bbox 1058 962 1237 1060; x_wconf 70' lang='lat' dir='ltr'><strong>parrochie</strong></span> <span class='ocrx_word' id='word_1_35' title='bbox 1272 960 1371 1034; x_wconf 90' lang='lat' dir='ltr'><strong>nohis</strong></span> <span class='ocrx_word' id='word_1_36' title='bbox 1403 949 1444 1034; x_wconf 36' lang='lat' dir='ltr'><strong>in*</strong></span> <span class='ocrx_word' id='word_1_37' title='bbox 1471 961 1562 1034; x_wconf 86' lang='lat' dir='ltr'><strong>lesio</strong></span> 
     </span>
     <span class='ocr_line' id='line_1_6' title="bbox 185 1057 1563 1155; baseline 0.004 -28"><span class='ocrx_word' id='word_1_38' title='bbox 185 1057 337 1130; x_wconf 88' lang='lat' dir='ltr'><strong>eiusdern</strong></span> <span class='ocrx_word' id='word_1_39' title='bbox 372 1063 528 1155; x_wconf 83' lang='lat' dir='ltr'><strong>corporis</strong></span> <span class='ocrx_word' id='word_1_40' title='bbox 561 1071 596 1132; x_wconf 90' lang='lat' dir='ltr'><strong>et</strong></span> <span class='ocrx_word' id='word_1_41' title='bbox 631 1063 809 1154; x_wconf 77' lang='lat' dir='ltr'><strong>sengrrinis</strong></span> <span class='ocrx_word' id='word_1_42' title='bbox 843 1063 982 1150; x_wconf 82' lang='lat' dir='ltr'><strong>donnini,</strong></span> <span class='ocrx_word' id='word_1_43' title='bbox 1008 1088 1027 1136; x_wconf 85' lang='lat' dir='ltr'><strong>n</strong></span> <span class='ocrx_word' id='word_1_44' title='bbox 1052 1063 1164 1138; x_wconf 89' lang='lat' dir='ltr'><strong>ielicis</strong></span> <span class='ocrx_word' id='word_1_45' title='bbox 1190 1059 1448 1136; x_wconf 82' lang='lat' dir='ltr'><strong>recordacionis</strong></span> <span class='ocrx_word' id='word_1_46' title='bbox 1475 1060 1563 1132; x_wconf 93' lang='lat' dir='ltr'><strong>Vr-</strong></span> 
     </span>
     <span class='ocr_line' id='line_1_7' title="bbox 182 1156 1562 1256; baseline 0.004 -29"><span class='ocrx_word' id='word_1_47' title='bbox 182 1156 296 1230; x_wconf 80' lang='lat' dir='ltr'><strong>heno</strong></span> <span class='ocrx_word' id='word_1_48' title='bbox 323 1181 407 1256; x_wconf 83' lang='lat' dir='ltr'><strong>pope</strong></span> <span class='ocrx_word' id='word_1_49' title='bbox 434 1164 599 1248; x_wconf 87' lang='lat' dir='ltr'><strong>instituto,</strong></span> <span class='ocrx_word' id='word_1_50' title='bbox 627 1172 661 1232; x_wconf 89' lang='lat' dir='ltr'><strong>ot</strong></span> <span class='ocrx_word' id='word_1_51' title='bbox 687 1166 720 1234; x_wconf 89' lang='lat' dir='ltr'><strong>in</strong></span> <span class='ocrx_word' id='word_1_52' title='bbox 745 1164 1256 1248; x_wconf 82' lang='lat' dir='ltr'><strong>entriuersnriisllermnnni,</strong></span> <span class='ocrx_word' id='word_1_53' title='bbox 1280 1159 1450 1256; x_wconf 79' lang='lat' dir='ltr'><strong>quondam</strong></span> <span class='ocrx_word' id='word_1_54' title='bbox 1476 1183 1562 1256; x_wconf 91' lang='lat' dir='ltr'><strong>pre-</strong></span> 
     </span>
     <span class='ocr_line' id='line_1_8' title="bbox 181 1261 1561 1360; baseline 0.003 -30"><span class='ocrx_word' id='word_1_55' title='bbox 181 1261 284 1354; x_wconf 89' lang='lat' dir='ltr'><strong>positi</strong></span> <span class='ocrx_word' id='word_1_56' title='bbox 311 1261 462 1334; x_wconf 90' lang='lat' dir='ltr'><strong>ecclesie</strong></span> <span class='ocrx_word' id='word_1_57' title='bbox 486 1264 568 1335; x_wconf 91' lang='lat' dir='ltr'><strong>noni</strong></span> <span class='ocrx_word' id='word_1_58' title='bbox 592 1263 791 1334; x_wconf 83' lang='lat' dir='ltr'><strong>monosterii</strong></span> <span class='ocrx_word' id='word_1_59' title='bbox 813 1261 1075 1360; x_wconf 76' lang='lat' dir='ltr'><strong>herbipolensis,</strong></span> <span class='ocrx_word' id='word_1_60' title='bbox 1101 1266 1211 1336; x_wconf 80' lang='lat' dir='ltr'><strong>nostri</strong></span> <span class='ocrx_word' id='word_1_61' title='bbox 1234 1262 1362 1348; x_wconf 87' lang='lat' dir='ltr'><strong>lrstris,</strong></span> <span class='ocrx_word' id='word_1_62' title='bbox 1387 1271 1421 1334; x_wconf 90' lang='lat' dir='ltr'><strong>et</strong></span> <span class='ocrx_word' id='word_1_63' title='bbox 1440 1271 1561 1334; x_wconf 86' lang='lat' dir='ltr'><strong>nostro</strong></span> 
     </span>
     <span class='ocr_line' id='line_1_9' title="bbox 183 1357 1562 1458; baseline 0.004 -30"><span class='ocrx_word' id='word_1_64' title='bbox 183 1357 259 1445; x_wconf 89' lang='lat' dir='ltr'><strong>die,</strong></span> <span class='ocrx_word' id='word_1_65' title='bbox 294 1383 358 1454; x_wconf 84' lang='lat' dir='ltr'><strong>qno</strong></span> <span class='ocrx_word' id='word_1_66' title='bbox 395 1361 549 1432; x_wconf 87' lang='lat' dir='ltr'><strong>dominns</strong></span> <span class='ocrx_word' id='word_1_67' title='bbox 583 1383 649 1432; x_wconf 90' lang='lat' dir='ltr'><strong>nos</strong></span> <span class='ocrx_word' id='word_1_68' title='bbox 676 1365 865 1452; x_wconf 75' lang='lat' dir='ltr'><strong>occeperit,</strong></span> <span class='ocrx_word' id='word_1_69' title='bbox 891 1364 1037 1458; x_wconf 83' lang='lat' dir='ltr'><strong>singuiis</strong></span> <span class='ocrx_word' id='word_1_70' title='bbox 1064 1367 1161 1436; x_wconf 80' lang='lat' dir='ltr'><strong>ensis</strong></span> <span class='ocrx_word' id='word_1_71' title='bbox 1188 1361 1389 1456; x_wconf 84' lang='lat' dir='ltr'><strong>sollempnis</strong></span> <span class='ocrx_word' id='word_1_72' title='bbox 1416 1362 1562 1434; x_wconf 90' lang='lat' dir='ltr'><strong>relectio</strong></span> 
     </span>
     <span class='ocr_line' id='line_1_10' title="bbox 183 1459 1562 1556; baseline 0.004 -29"><span class='ocrx_word' id='word_1_73' title='bbox 183 1461 402 1530; x_wconf 87' lang='lat' dir='ltr'><strong>ministretur.</strong></span> <span class='ocrx_word' id='word_1_74' title='bbox 429 1461 536 1556; x_wconf 83' lang='lat' dir='ltr'><strong>lgitor</strong></span> <span class='ocrx_word' id='word_1_75' title='bbox 562 1459 604 1531; x_wconf 84' lang='lat' dir='ltr'><strong>nd</strong></span> <span class='ocrx_word' id='word_1_76' title='bbox 629 1459 727 1532; x_wconf 85' lang='lat' dir='ltr'><strong>holus</strong></span> <span class='ocrx_word' id='word_1_77' title='bbox 753 1474 873 1535; x_wconf 88' lang='lat' dir='ltr'><strong>nostre</strong></span> <span class='ocrx_word' id='word_1_78' title='bbox 894 1465 1107 1552; x_wconf 73' lang='lat' dir='ltr'><strong>donacionis,</strong></span> <span class='ocrx_word' id='word_1_79' title='bbox 1134 1463 1372 1535; x_wconf 88' lang='lat' dir='ltr'><strong>concessionis</strong></span> <span class='ocrx_word' id='word_1_80' title='bbox 1391 1472 1425 1532; x_wconf 89' lang='lat' dir='ltr'><strong>et</strong></span> <span class='ocrx_word' id='word_1_81' title='bbox 1444 1472 1562 1534; x_wconf 83' lang='lat' dir='ltr'><strong>trone-</strong></span> 
     </span>
     <span class='ocr_line' id='line_1_11' title="bbox 183 1558 1561 1659; baseline 0.004 -30"><span class='ocrx_word' id='word_1_82' title='bbox 183 1558 555 1632; x_wconf 83' lang='lat' dir='ltr'><strong>lecionis&#39;enidentiern</strong></span> <span class='ocrx_word' id='word_1_83' title='bbox 584 1560 693 1656; x_wconf 80' lang='lat' dir='ltr'><strong>edqoe</strong></span> <span class='ocrx_word' id='word_1_84' title='bbox 717 1561 821 1636; x_wconf 89' lang='lat' dir='ltr'><strong>robur</strong></span> <span class='ocrx_word' id='word_1_85' title='bbox 839 1587 984 1659; x_wconf 82' lang='lat' dir='ltr'><strong>presens</strong></span> <span class='ocrx_word' id='word_1_86' title='bbox 1004 1567 1260 1636; x_wconf 85' lang='lat' dir='ltr'><strong>instrumentum</strong></span> <span class='ocrx_word' id='word_1_87' title='bbox 1278 1561 1415 1654; x_wconf 83' lang='lat' dir='ltr'><strong>sigillis,</strong></span> <span class='ocrx_word' id='word_1_88' title='bbox 1440 1571 1561 1634; x_wconf 89' lang='lat' dir='ltr'><strong>nostro</strong></span> 
     </span>
     <span class='ocr_line' id='line_1_12' title="bbox 184 1657 1560 1756; baseline 0.003 -26"><span class='ocrx_word' id='word_1_89' title='bbox 184 1657 318 1731; x_wconf 83' lang='lat' dir='ltr'><strong>scilicet</strong></span> <span class='ocrx_word' id='word_1_90' title='bbox 351 1669 386 1731; x_wconf 91' lang='lat' dir='ltr'><strong>el</strong></span> <span class='ocrx_word' id='word_1_91' title='bbox 412 1661 549 1756; x_wconf 75' lang='lat' dir='ltr'><strong>capituli</strong></span> <span class='ocrx_word' id='word_1_92' title='bbox 575 1665 683 1732; x_wconf 77' lang='lat' dir='ltr'><strong>nostri</strong></span> <span class='ocrx_word' id='word_1_93' title='bbox 710 1661 853 1734; x_wconf 67' lang='lat' dir='ltr'><strong>doinus</strong></span> <span class='ocrx_word' id='word_1_94' title='bbox 879 1663 1024 1738; x_wconf 86' lang='lat' dir='ltr'><strong>srdeliter</strong></span> <span class='ocrx_word' id='word_1_95' title='bbox 1050 1666 1250 1735; x_wconf 85' lang='lat' dir='ltr'><strong>conmuniri.</strong></span> <span class='ocrx_word' id='word_1_96' title='bbox 1311 1662 1437 1734; x_wconf 88' lang='lat' dir='ltr'><strong>Testes</strong></span> <span class='ocrx_word' id='word_1_97' title='bbox 1464 1673 1560 1734; x_wconf 85' lang='lat' dir='ltr'><strong>sunt:</strong></span> 
     </span>
     <span class='ocr_line' id='line_1_13' title="bbox 182 1755 1562 1856; baseline 0.004 -27"><span class='ocrx_word' id='word_1_98' title='bbox 182 1755 408 1854; x_wconf 81' lang='lat' dir='ltr'><strong>Manegoldns</strong></span> <span class='ocrx_word' id='word_1_99' title='bbox 435 1764 642 1856; x_wconf 84' lang='lat' dir='ltr'><strong>prepositos,</strong></span> <span class='ocrx_word' id='word_1_100' title='bbox 667 1761 832 1836; x_wconf 77' lang='lat' dir='ltr'><strong>,hibertus</strong></span> <span class='ocrx_word' id='word_1_101' title='bbox 859 1764 1022 1854; x_wconf 86' lang='lat' dir='ltr'><strong>decenus,</strong></span> <span class='ocrx_word' id='word_1_102' title='bbox 1047 1761 1215 1836; x_wconf 81' lang='lat' dir='ltr'><strong>liudolfus</strong></span> <span class='ocrx_word' id='word_1_103' title='bbox 1243 1761 1460 1852; x_wconf 79' lang='lat' dir='ltr'><strong>scolasticus,</strong></span> <span class='ocrx_word' id='word_1_104' title='bbox 1486 1763 1562 1836; x_wconf 83' lang='lat' dir='ltr'><strong>Ar-</strong></span> 
     </span>
     <span class='ocr_line' id='line_1_14' title="bbox 181 1857 1563 1959; baseline 0.004 -30"><span class='ocrx_word' id='word_1_105' title='bbox 181 1857 305 1930; x_wconf 88' lang='lat' dir='ltr'><strong>noldus</strong></span> <span class='ocrx_word' id='word_1_106' title='bbox 340 1869 478 1948; x_wconf 86' lang='lat' dir='ltr'><strong>costos,</strong></span> <span class='ocrx_word' id='word_1_107' title='bbox 511 1861 701 1954; x_wconf 80' lang='lat' dir='ltr'><strong>Gregorius</strong></span> <span class='ocrx_word' id='word_1_108' title='bbox 727 1862 1022 1959; x_wconf 75' lang='lat' dir='ltr'><strong>&#39;archydinccnns,</strong></span> <span class='ocrx_word' id='word_1_109' title='bbox 1054 1863 1280 1938; x_wconf 80' lang='lat' dir='ltr'><strong>llertnrennos</strong></span> <span class='ocrx_word' id='word_1_110' title='bbox 1307 1865 1502 1956; x_wconf 88' lang='lat' dir='ltr'><strong>prepositus</strong></span> <span class='ocrx_word' id='word_1_111' title='bbox 1529 1866 1563 1934; x_wconf 91' lang='lat' dir='ltr'><strong>in</strong></span> 
     </span>
     <span class='ocr_line' id='line_1_15' title="bbox 183 1955 1561 2050; baseline 0.004 -21"><span class='ocrx_word' id='word_1_112' title='bbox 183 1955 397 2048; x_wconf 89' lang='lat' dir='ltr'><strong>Onolsbooh,</strong></span> <span class='ocrx_word' id='word_1_113' title='bbox 433 1959 535 2032; x_wconf 89' lang='lat' dir='ltr'><strong>Otthc</strong></span> <span class='ocrx_word' id='word_1_114' title='bbox 567 1960 610 2032; x_wconf 92' lang='lat' dir='ltr'><strong>de</strong></span> <span class='ocrx_word' id='word_1_115' title='bbox 643 1961 751 2050; x_wconf 77' lang='lat' dir='ltr'><strong>Lucu,</strong></span> <span class='ocrx_word' id='word_1_116' title='bbox 786 1967 941 2036; x_wconf 83' lang='lat' dir='ltr'><strong>cononici</strong></span> <span class='ocrx_word' id='word_1_117' title='bbox 978 1965 1116 2036; x_wconf 75' lang='lat' dir='ltr'><strong>maioris</strong></span> <span class='ocrx_word' id='word_1_118' title='bbox 1150 1963 1328 2048; x_wconf 70' lang='lat' dir='ltr'><strong>ecclesie,</strong></span> <span class='ocrx_word' id='word_1_119' title='bbox 1362 1959 1561 2034; x_wconf 85' lang='lat' dir='ltr'><strong>Wolthorus</strong></span> 
     </span>
     <span class='ocr_line' id='line_1_16' title="bbox 176 2057 1561 2160; baseline 0.004 -32"><span class='ocrx_word' id='word_1_120' title='bbox 176 2057 331 2131; x_wconf 83' lang='lat' dir='ltr'><strong>&#39;decanus</strong></span> <span class='ocrx_word' id='word_1_121' title='bbox 358 2062 439 2132; x_wconf 89' lang='lat' dir='ltr'><strong>noui</strong></span> <span class='ocrx_word' id='word_1_122' title='bbox 465 2064 663 2132; x_wconf 74' lang='lat' dir='ltr'><strong>monasterii</strong></span> <span class='ocrx_word' id='word_1_123' title='bbox 690 2060 941 2160; x_wconf 78' lang='lat' dir='ltr'><strong>herbipolensis</strong></span> <span class='ocrx_word' id='word_1_124' title='bbox 978 2075 1012 2135; x_wconf 86' lang='lat' dir='ltr'><strong>et</strong></span> <span class='ocrx_word' id='word_1_125' title='bbox 1045 2063 1101 2134; x_wconf 86' lang='lat' dir='ltr'><strong>olli</strong></span> <span class='ocrx_word' id='word_1_126' title='bbox 1134 2085 1232 2158; x_wconf 84' lang='lat' dir='ltr'><strong>qrrnrn</strong></span> <span class='ocrx_word' id='word_1_127' title='bbox 1259 2061 1386 2156; x_wconf 89' lang='lat' dir='ltr'><strong>plores.</strong></span> <span class='ocrx_word' id='word_1_128' title='bbox 1439 2062 1561 2135; x_wconf 76' lang='lat' dir='ltr'><strong>Dolone</strong></span> 
     </span>
     <span class='ocr_line' id='line_1_17' title="bbox 181 2155 1561 2256; baseline 0.004 -28"><span class='ocrx_word' id='word_1_129' title='bbox 181 2155 358 2256; x_wconf 86' lang='lat' dir='ltr'><strong>llerbipcli</strong></span> <span class='ocrx_word' id='word_1_130' title='bbox 384 2181 474 2232; x_wconf 83' lang='lat' dir='ltr'><strong>enno</strong></span> <span class='ocrx_word' id='word_1_131' title='bbox 501 2158 618 2253; x_wconf 76' lang='lat' dir='ltr'><strong>grecie</strong></span> <span class='ocrx_word' id='word_1_132' title='bbox 633 2157 922 2254; x_wconf 71' lang='lat' dir='ltr'><strong>dcccxxvttt,</strong></span> <span class='ocrx_word' id='word_1_133' title='bbox 937 2163 993 2234; x_wconf 84' lang='lat' dir='ltr'><strong>vl.</strong></span> <span class='ocrx_word' id='word_1_134' title='bbox 1022 2183 1131 2234; x_wconf 80' lang='lat' dir='ltr'><strong>nones</strong></span> <span class='ocrx_word' id='word_1_135' title='bbox 1146 2161 1277 2254; x_wconf 77' lang='lat' dir='ltr'><strong>Marcii,</strong></span> <span class='ocrx_word' id='word_1_136' title='bbox 1303 2158 1510 2235; x_wconf 87' lang='lat' dir='ltr'><strong>indictione.</strong></span> <span class='ocrx_word' id='word_1_137' title='bbox 1530 2211 1561 2250; x_wconf 92' lang='lat'><strong>.,</strong></span> 
     </span>
     <span class='ocr_line' id='line_1_18' title="bbox 182 2257 1424 2352; baseline 0.003 -22"><span class='ocrx_word' id='word_1_138' title='bbox 182 2257 395 2352; x_wconf 85' lang='lat' dir='ltr'><strong>pontihcetns</strong></span> <span class='ocrx_word' id='word_1_139' title='bbox 421 2262 531 2332; x_wconf 83' lang='lat' dir='ltr'><strong>nostri</strong></span> <span class='ocrx_word' id='word_1_140' title='bbox 556 2279 646 2332; x_wconf 85' lang='lat' dir='ltr'><strong>enno</strong></span> <span class='ocrx_word' id='word_1_141' title='bbox 664 2311 672 2329; x_wconf 90' lang='lat'><strong>.</strong></span> <span class='ocrx_word' id='word_1_142' title='bbox 688 2313 696 2330; x_wconf 92' lang='lat'><strong>.</strong></span> <span class='ocrx_word' id='word_1_143' title='bbox 715 2313 723 2331; x_wconf 91' lang='lat'><strong>.</strong></span> <span class='ocrx_word' id='word_1_144' title='bbox 1421 2302 1424 2311; x_wconf 71' lang='lat'>›</span> 
     </span>
    </p>
   </div>
   <div class='ocr_carea' id='block_1_5' title="bbox 389 2441 781 2530">
    <p class='ocr_par' dir='ltr' id='par_1_5' title="bbox 389 2441 781 2530">
     <span class='ocr_line' id='line_1_19' title="bbox 389 2441 781 2530; baseline 0.008 -21"><span class='ocrx_word' id='word_1_145' title='bbox 389 2443 572 2527; x_wconf 76' lang='lat' dir='ltr'><strong>Appendeht</strong></span> <span class='ocrx_word' id='word_1_146' title='bbox 590 2441 650 2511; x_wconf 79' lang='lat' dir='ltr'><strong>ico</strong></span> <span class='ocrx_word' id='word_1_147' title='bbox 672 2443 781 2530; x_wconf 64' lang='lat' dir='ltr'><strong>stalle.</strong></span> 
     </span>
    </p>
   </div>
   <div class='ocr_carea' id='block_1_6' title="bbox 803 2878 939 2955">
    <p class='ocr_par' dir='ltr' id='par_1_6' title="bbox 803 2878 939 2955">
     <span class='ocr_line' id='line_1_20' title="bbox 803 2878 939 2955; baseline -0.022 1"><span class='ocrx_word' id='word_1_148' title='bbox 803 2878 939 2955; x_wconf 81' lang='lat' dir='ltr'><strong>GDXX.</strong></span> 
     </span>
    </p>
   </div>
   <div class='ocr_carea' id='block_1_7' title="bbox 679 3077 1073 3160">
    <p class='ocr_par' dir='ltr' id='par_1_7' title="bbox 679 3077 1073 3160">
     <span class='ocr_line' id='line_1_21' title="bbox 679 3077 1073 3160; baseline -0.005 -16"><span class='ocrx_word' id='word_1_149' title='bbox 679 3083 766 3144; x_wconf 80' lang='lat' dir='ltr'><strong>Anno</strong></span> <span class='ocrx_word' id='word_1_150' title='bbox 793 3077 893 3160; x_wconf 79' lang='lat'><strong>1278,</strong></span> <span class='ocrx_word' id='word_1_151' title='bbox 917 3077 945 3142; x_wconf 85' lang='lat'><strong>2.</strong></span> <span class='ocrx_word' id='word_1_152' title='bbox 969 3079 1073 3144; x_wconf 80' lang='lat' dir='ltr'><strong>tiarnt</strong></span> 
     </span>
    </p>
   </div>
   <div class='ocr_carea' id='block_1_8' title="bbox 180 3229 1560 3557">
    <p class='ocr_par' dir='ltr' id='par_1_8' title="bbox 180 3229 1560 3557">
     <span class='ocr_line' id='line_1_22' title="bbox 181 3229 1558 3361; baseline -0.003 -23"><span class='ocrx_word' id='word_1_153' title='bbox 181 3265 380 3338; x_wconf 82' lang='lat' dir='ltr'><strong>Conventus</strong></span> <span class='ocrx_word' id='word_1_154' title='bbox 408 3269 605 3338; x_wconf 83' lang='lat' dir='ltr'><strong>monasterii</strong></span> <span class='ocrx_word' id='word_1_155' title='bbox 641 3270 673 3338; x_wconf 91' lang='lat' dir='ltr'><strong>ln</strong></span> <span class='ocrx_word' id='word_1_156' title='bbox 698 3265 937 3361; x_wconf 81' lang='lat' dir='ltr'><strong>Halsprunnen</strong></span> <span class='ocrx_word' id='word_1_157' title='bbox 972 3264 1118 3360; x_wconf 79' lang='lat' dir='ltr'><strong>capitolo</strong></span> <span class='ocrx_word' id='word_1_158' title='bbox 1147 3263 1378 3358; x_wconf 87' lang='lat' dir='ltr'><strong>herbipolensi</strong></span> <span class='ocrx_word' id='word_1_159' title='bbox 1406 3229 1450 3334; x_wconf 83' lang='lat' dir='ltr'><strong>oh</strong></span> <span class='ocrx_word' id='word_1_160' title='bbox 1477 3263 1558 3334; x_wconf 85' lang='lat' dir='ltr'><strong>col-</strong></span> 
     </span>
     <span class='ocr_line' id='line_1_23' title="bbox 180 3361 1560 3463; baseline -0.004 -23"><span class='ocrx_word' id='word_1_161' title='bbox 180 3367 280 3440; x_wconf 82' lang='lat' dir='ltr'><strong>letam</strong></span> <span class='ocrx_word' id='word_1_162' title='bbox 318 3367 381 3438; x_wconf 89' lang='lat' dir='ltr'><strong>sibi</strong></span> <span class='ocrx_word' id='word_1_163' title='bbox 416 3368 599 3438; x_wconf 85' lang='lat' dir='ltr'><strong>ecclesiam</strong></span> <span class='ocrx_word' id='word_1_164' title='bbox 637 3366 865 3463; x_wconf 80' lang='lat' dir='ltr'><strong>parochialem</strong></span> <span class='ocrx_word' id='word_1_165' title='bbox 901 3363 1046 3437; x_wconf 78' lang='lat' dir='ltr'><strong>llrlhnch</strong></span> <span class='ocrx_word' id='word_1_166' title='bbox 1078 3368 1280 3459; x_wconf 87' lang='lat' dir='ltr'><strong>pensionem</strong></span> <span class='ocrx_word' id='word_1_167' title='bbox 1315 3386 1458 3434; x_wconf 78' lang='lat' dir='ltr'><strong>contram</strong></span> <span class='ocrx_word' id='word_1_168' title='bbox 1495 3361 1560 3435; x_wconf 87' lang='lat' dir='ltr'><strong>XX</strong></span> 
     </span>
     <span class='ocr_line' id='line_1_24' title="bbox 582 3465 1159 3557; baseline -0.005 -20"><span class='ocrx_word' id='word_1_169' title='bbox 582 3465 741 3538; x_wconf 83' lang='lat' dir='ltr'><strong>librorum</strong></span> <span class='ocrx_word' id='word_1_170' title='bbox 768 3466 969 3537; x_wconf 83' lang='lat' dir='ltr'><strong>hallensium</strong></span> <span class='ocrx_word' id='word_1_171' title='bbox 996 3467 1159 3557; x_wconf 79' lang='lat' dir='ltr'><strong>assignat.</strong></span> 
     </span>
    </p>
   </div>
   <div class='ocr_carea' id='block_1_9' title="bbox 253 3651 1702 3759">
    <p class='ocr_par' dir='ltr' id='par_1_9' title="bbox 253 3651 1702 3759">
     <span class='ocr_line' id='line_1_25' title="bbox 253 3651 1702 3759; baseline -0.008 -19"><span class='ocrx_word' id='word_1_172' title='bbox 253 3667 518 3743; x_wconf 78' lang='lat' dir='ltr'><strong>Honorabilibus</strong></span> <span class='ocrx_word' id='word_1_173' title='bbox 535 3669 619 3737; x_wconf 90' lang='lat' dir='ltr'><strong>viris</strong></span> <span class='ocrx_word' id='word_1_174' title='bbox 635 3665 779 3737; x_wconf 84' lang='lat' dir='ltr'><strong>dominis</strong></span> <span class='ocrx_word' id='word_1_175' title='bbox 798 3721 805 3734; x_wconf 93' lang='lat'><strong>.</strong></span> <span class='ocrx_word' id='word_1_176' title='bbox 822 3719 828 3734; x_wconf 93' lang='lat'><strong>.</strong></span> <span class='ocrx_word' id='word_1_177' title='bbox 844 3664 975 3736; x_wconf 82' lang='lat' dir='ltr'><strong>deceno</strong></span> <span class='ocrx_word' id='word_1_178' title='bbox 991 3668 1120 3759; x_wconf 88' lang='lat' dir='ltr'><strong>totique</strong></span> <span class='ocrx_word' id='word_1_179' title='bbox 1137 3661 1284 3756; x_wconf 82' lang='lat' dir='ltr'><strong>capitulo</strong></span> <span class='ocrx_word' id='word_1_180' title='bbox 1304 3661 1454 3732; x_wconf 82' lang='lat' dir='ltr'><strong>ecclesie</strong></span> <span class='ocrx_word' id='word_1_181' title='bbox 1472 3659 1558 3730; x_wconf 89' lang='lat' dir='ltr'><strong>her-</strong></span> <span class='ocrx_word' id='word_1_182' title='bbox 1696 3651 1702 3668; x_wconf 74' lang='lat'>⁸</span> 
     </span>
    </p>
   </div>
   <div class='ocr_carea' id='block_1_10' title="bbox 178 3763 1664 4174">
    <p class='ocr_par' dir='ltr' id='par_1_10' title="bbox 178 3763 1664 4174">
     <span class='ocr_line' id='line_1_26' title="bbox 181 3763 1558 3862; baseline -0.007 -22"><span class='ocrx_word' id='word_1_183' title='bbox 181 3768 369 3862; x_wconf 89' lang='lat' dir='ltr'><strong>bipolensis</strong></span> <span class='ocrx_word' id='word_1_184' title='bbox 396 3769 501 3839; x_wconf 88' lang='lat' dir='ltr'><strong>frater</strong></span> <span class='ocrx_word' id='word_1_185' title='bbox 527 3765 751 3838; x_wconf 82' lang='lat' dir='ltr'><strong>lludollns</strong></span> <span class='ocrx_word' id='word_1_186' title='bbox 779 3763 887 3835; x_wconf 88' lang='lat' dir='ltr'><strong>dictus</strong></span> <span class='ocrx_word' id='word_1_187' title='bbox 914 3763 1018 3836; x_wconf 82' lang='lat' dir='ltr'><strong>abbas</strong></span> <span class='ocrx_word' id='word_1_188' title='bbox 1043 3775 1078 3834; x_wconf 88' lang='lat' dir='ltr'><strong>et</strong></span> <span class='ocrx_word' id='word_1_189' title='bbox 1097 3773 1186 3834; x_wconf 89' lang='lat' dir='ltr'><strong>totns</strong></span> <span class='ocrx_word' id='word_1_190' title='bbox 1206 3772 1395 3832; x_wconf 90' lang='lat' dir='ltr'><strong>conuentus</strong></span> <span class='ocrx_word' id='word_1_191' title='bbox 1413 3781 1558 3831; x_wconf 85' lang='lat' dir='ltr'><strong>mones-</strong></span> 
     </span>
     <span class='ocr_line' id='line_1_27' title="bbox 180 3860 1664 3962; baseline -0.007 -23"><span class='ocrx_word' id='word_1_192' title='bbox 180 3874 253 3939; x_wconf 85' lang='lat' dir='ltr'><strong>lorii</strong></span> <span class='ocrx_word' id='word_1_193' title='bbox 281 3871 313 3940; x_wconf 90' lang='lat' dir='ltr'><strong>in</strong></span> <span class='ocrx_word' id='word_1_194' title='bbox 341 3867 676 3962; x_wconf 87' lang='lat' dir='ltr'><strong>Holsprunnen,</strong></span> <span class='ocrx_word' id='word_1_195' title='bbox 712 3865 839 3936; x_wconf 87' lang='lat' dir='ltr'><strong>ordinis</strong></span> <span class='ocrx_word' id='word_1_196' title='bbox 867 3867 1127 3961; x_wconf 79' lang='lat' dir='ltr'><strong>cysterciensis,</strong></span> <span class='ocrx_word' id='word_1_197' title='bbox 1154 3864 1351 3932; x_wconf 79' lang='lat' dir='ltr'><strong>eistetensis</strong></span> <span class='ocrx_word' id='word_1_198' title='bbox 1379 3860 1556 3955; x_wconf 77' lang='lat' dir='ltr'><strong>dyocesis,</strong></span> <span class='ocrx_word' id='word_1_199' title='bbox 1661 3894 1664 3902; x_wconf 95' lang='lat'>·</span> 
     </span>
     <span class='ocr_line' id='line_1_28' title="bbox 178 3961 1555 4041; baseline -0.006 -1"><span class='ocrx_word' id='word_1_200' title='bbox 178 3969 319 4041; x_wconf 79' lang='lat' dir='ltr'><strong>denotas</strong></span> <span class='ocrx_word' id='word_1_201' title='bbox 346 3971 520 4039; x_wconf 78' lang='lat' dir='ltr'><strong>orationes</strong></span> <span class='ocrx_word' id='word_1_202' title='bbox 549 3970 584 4038; x_wconf 93' lang='lat' dir='ltr'><strong>in</strong></span> <span class='ocrx_word' id='word_1_203' title='bbox 614 3965 750 4037; x_wconf 88' lang='lat' dir='ltr'><strong>domino</strong></span> <span class='ocrx_word' id='word_1_204' title='bbox 777 3965 860 4036; x_wconf 86' lang='lat' dir='ltr'><strong>Jesn</strong></span> <span class='ocrx_word' id='word_1_205' title='bbox 886 3965 1033 4038; x_wconf 77' lang='lat' dir='ltr'><strong>Christo.</strong></span> <span class='ocrx_word' id='word_1_206' title='bbox 1086 3961 1296 4035; x_wconf 87' lang='lat' dir='ltr'><strong>Recolentcs</strong></span> <span class='ocrx_word' id='word_1_207' title='bbox 1321 3961 1450 4033; x_wconf 82' lang='lat' dir='ltr'><strong>fauoris</strong></span> <span class='ocrx_word' id='word_1_208' title='bbox 1485 3982 1555 4032; x_wconf 90' lang='lat' dir='ltr'><strong>non</strong></span> 
     </span>
     <span class='ocr_line' id='line_1_29' title="bbox 180 4059 1556 4174; baseline -0.007 -34"><span class='ocrx_word' id='word_1_209' title='bbox 180 4069 302 4150; x_wconf 83' lang='lat' dir='ltr'><strong>modici</strong></span> <span class='ocrx_word' id='word_1_210' title='bbox 328 4068 606 4158; x_wconf 81' lang='lat' dir='ltr'><strong>beniuolentiam,</strong></span> <span class='ocrx_word' id='word_1_211' title='bbox 631 4089 729 4174; x_wconf 82' lang='lat' dir='ltr'><strong>quom</strong></span> <span class='ocrx_word' id='word_1_212' title='bbox 756 4087 840 4168; x_wconf 85' lang='lat' dir='ltr'><strong>erge</strong></span> <span class='ocrx_word' id='word_1_213' title='bbox 866 4087 931 4140; x_wconf 90' lang='lat' dir='ltr'><strong>nos</strong></span> <span class='ocrx_word' id='word_1_214' title='bbox 959 4075 993 4136; x_wconf 86' lang='lat' dir='ltr'><strong>et</strong></span> <span class='ocrx_word' id='word_1_215' title='bbox 1013 4073 1166 4136; x_wconf 85' lang='lat' dir='ltr'><strong>nostrum</strong></span> <span class='ocrx_word' id='word_1_216' title='bbox 1185 4065 1427 4134; x_wconf 84' lang='lat' dir='ltr'><strong>monesterium</strong></span> <span class='ocrx_word' id='word_1_217' title='bbox 1445 4059 1556 4140; x_wconf 84' lang='lat' dir='ltr'><strong>hebe-</strong></span> 
     </span>
    </p>
   </div>
   <div class='ocr_carea' id='block_1_11' title="bbox 0 0 1892 4730">
    <p class='ocr_par' dir='ltr' id='par_1_11' title="bbox 0 0 1892 4730">
     <span class='ocr_line' id='line_1_30' title="bbox 0 0 1892 4730; baseline 0 1"><span class='ocrx_word' id='word_1_218' title='bbox 0 0 1892 4730; x_wconf 95' lang='lat' dir='ltr'><strong> </strong></span> 
     </span>
    </p>
   </div>
  </div>
 </body>
</html>
