3776 4730
606 495 823 602 episcopatus
847 495 1141 602 wirziburgensis.

754 813 990 920 oeotnxlx.

576 1043 664 1106 Arrnu
691 1039 793 1126 1270„
819 1043 867 1110 17.
890 1031 978 1128 tilii,
1002 1043 1163 1128 Herbipoli.

180 1225 370 1324 Capitulum
398 1226 648 1324 herbipolensis
677 1231 862 1319 ecclesiae,
889 1209 1155 1326 quoduniversu
1172 1231 1262 1304 bonu
1289 1212 1560 1333 suahidlngelo-

74 1403 78 1412 ,
181 1327 267 1400 heim
295 1331 449 1400 interiori
476 1329 562 1424 apud
588 1331 797 1422 Mogurrtiuni
809 1331 1139 1405 Welthero'decano
1155 1331 1326 1406 ecclcsiae
1350 1334 1380 1406 b.
1398 1331 1562 1432 Stephani

180 1429 343 1518 vendidit,
370 1439 404 1500 et
430 1429 548 1501 eudem
574 1453 637 1526 per
663 1429 882 1520 Gerhurd'unl¹
899 1433 1098 1504 canonicum
1132 1437 1216 1504 novi
1242 1439 1439 1516 monasterii
1474 1459 1561 1531 pro-

181 1541 371 1602 curatorem
399 1551 495 1604 sunm
523 1529 708 1626 specialem
735 1531 937 1624 resignavit,
965 1532 1073 1604 eidem
1101 1533 1231 1605 decano
1257 1530 1421 1630 piro'mittit
1445 1536 1563 1607 lucere

179 1630 387 1702 wurendium
413 1629 454 1702 ud
481 1629 593 1702 debita
619 1641 793 1726 tempore,
832 1644 867 1702 et
902 1633 941 1703 se
975 1632 1106 1726 obligat
1131 1633 1173 1704 ad
1198 1631 1442 1728 imptdtruudum
1469 1657 1561 1708 cou-

181 1754 319 1806 sensum
348 1730 524 1803 dioccsuni
548 1729 635 1802 inira
663 1742 733 1804 tres
761 1755 898 1804 menses
925 1735 1103 1828 proximos
1130 1745 1209 1829 post
1235 1738 1308 1808 eius
1331 1739 1559 1809 creacionenr.

279 1898 524 1975 Bertoldus
563 1900 605 1974 de
649 1899 930 1996 Stcrenberg
969 1903 1145 1994 domums,¹
1180 1893 1478 1998 ltindeg'oldus
1516 1905 1559 1982 de

179 1997 460 2096 Nuwenburg
485 2003 680 2097 prepositus
706 2001 857 2074 ecclesie
884 2008 992 2076 sancti
1019 2003 1183 2075 lobannis
1218 2007 1250 2074 in
1276 2004 1421 2100 Houge‚
1456 2004 1558 2080 Otto

180 2097 222 2169 de
248 2097 487 2195 Lodelsirrg
514 2113 632 2174 custos
672 2111 847 2196 totumque
882 2103 1063 2200 capitulum
1103 2101 1354 2200 herbipolensis
1394 2106 1558 2179 ccclesle.

178 2197 345 2272 Nouerint
370 2205 532 2291 uniuersi,
560 2201 649 2296 quod
674 2212 813 2297 propter
839 2213 1005 2294 urgentes
1024 2207 1251 2276 necessitates
1272 2205 1423 2278 ecclesie
1439 2217 1559 2279 nostre

179 2303 338 2373 uniuersa
365 2300 455 2374 bona
482 2305 515 2372 in
531 2301 546 2372 l
554 2325 608 2396 ng
621 2299 659 2373 el
672 2299 768 2417 '¹¹¹2
764 2304 774 2374 i
786 2302 914 2411 milui
919 2326 964 2413 pr
978 2306 1065 2373 lori
1083 2303 1168 2398 opud
1183 2303 1403 2396 Mognntium
1432 2309 1559 2378 curium

179 2399 351 2490 videlicet,
378 2425 496 2495 agros,
524 2405 656 2490 vineas,
683 2394 845 2491 decumas,
862 2394 1000 2492 censius5
1012 2406 1069 2493 jus
1084 2413 1282 2496 patronatus
1299 2402 1363 2474 sihi
1376 2427 1559 2494 annexum,

179 2523 253 2570 cum
291 2501 446 2574 omnibus
485 2500 612 2572 iuribus
653 2511 687 2572 et
720 2503 911 2595 attinenciis
951 2501 1267 2595 suisssvcndidimus
1305 2525 1367 2596 pro
1404 2503 1557 2578 ducentis

178 2604 302 2672 marcis
319 2601 568 2675 coloniensium
582 2586 797 2672 denarioiu'rn
812 2582 974 2694 le'palidm
1001 2590 1099 2672 Wal
1113 2600 1152 2672 th
1164 2625 1184 2672 e
1196 2625 1242 2672 ro
1260 2600 1390 2673 decano
1405 2603 1556 2675 ecclesie

176 2699 470 2800 lectistepheni,
497 2712 530 2772 et
556 2705 664 2798 ipsum
689 2703 867 2796 pecuniam
896 2711 1103 2803 numeratam
1130 2704 1322 2808 recepimus
1350 2711 1384 2773 ct
1411 2705 1443 2772 in
1470 2726 1555 2799 usus

51 2858 54 2864 .
177 2793 329 2874 ecclesie
355 2814 474 2875 nostre
500 2805 720 2876 necessarios
749 2798 979 2872 connectimus
1017 2811 1050 2872 et
1084 2794 1157 2872 hoc'
1184 2798 1467 2893 recognoscimus
1494 2808 1557 2903 p'e'r

175 2898 369 2996 presentes.
421 2901 499 2998 Ipsa
526 2903 634 2974 eciam
662 2903 750 2974 bonu
777 2899 938 2973 vrrine'rsa
967 2900 1028 2995 per
1055 2899 1326 2972 Gerhardum
1355 2903 1556 2974 canonicum

174 3003 256 3073 noui
282 2999 493 3092 monasterii,
520 3013 776 3100 procuratorem
791 3011 944 3074 nostrum
972 2998 1172 3116 special'e'rn³
1200 3003 1252 3071 cu'i
1279 2994 1421 3073 lrocsub'
1439 2999 1555 3096 sigillo

174 3101 293 3175 nostre
319 3101 471 3178 ecclesie
497 3096 649 3176 dedimus
676 3106 708 3174 in
737 3099 927 3188 mandetis„
967 3104 999 3172 in
1039 3105 1111 3196 ip'sa'
1132 3101 1239 3197 'villa'
1264 3098 1554 3204 llig'elulreim

175 3196 291 3272 dorem
306 3257 338 3273 ..
367 3201 514 3275 sculteto
542 3213 577 3274 et
594 3258 627 3274 ..
657 3193 806 3274 scabinis
834 3211 868 3272 et
894 3201 969 3272 aliis
997 3194 1146 3294 ptulibus
1162 3199 1345 3272 secundum
1366 3196 1449 3272 ville
1464 3225 1555 3274 cou-

174 3300 386 3374 suetudinem
414 3306 677 3395 resignauimus.
728 3303 770 3374 Et
797 3301 884 3372 idem
913 3299 1175 3372 Gcrlrardus
1202 3311 1404 3396 procurator
1424 3323 1554 3395 perso-

173 3401 297 3476 naliter
322 3413 443 3478 uostro
469 3407 607 3476 nomine
625 3405 814 3495 resigneuit
840 3411 876 3472 et
893 3401 1070 3472 transtulit
1088 3403 1120 3470 in
1139 3400 1261 3472 dictum
1279 3399 1554 3472 Waltlrerum

174 3501 337 3574 decenum
366 3524 439 3576 eum
468 3507 558 3576 omnl
585 3503 793 3598 plenitudine
819 3503 902 3573 iuris
929 3503 1004 3582 sui.¹
1043 3499 1088 3572 Et
1125 3510 1163 3572 vt
1199 3505 1307 3599 magis
1343 3503 1386 3590 sit
1421 3511 1554 3574 cauttuu
1668 3531 1673 3543 ¹

174 3601 287 3674 eidem
302 3655 334 3672 ..
362 3603 492 3676 deceno
520 3603 563 3674 dc
591 3606 769 3698 empcione
785 3599 971 3673 eorundem
991 3599 1170 3688 tonorum,
1196 3603 1421 3694 promittimus
1437 3599 1554 3691 lacere

174 3701 395 3792 wurundiam
421 3692 510 3798 quod
536 3703 716 3795 wlgariter
742 3701 863 3772 dicitur
888 3697 1154 3785 werscltalt‚
1195 3699 1235 3770 ud
1262 3699 1372 3785 debite
1400 3710 1554 3794 tempora

173 3801 664 3876 secundumconsuetudinem
692 3811 949 3886 tenemusne,
983 3799 1174 3892 ubicunque
1211 3802 1364 3894 requisiti
1390 3799 1554 3890 fuerimus

173 3905 206 3976 iu
233 3901 321 3974 locis
349 3903 504 3976 omnibus
521 3903 731 3996 simpliciter,
759 3913 796 3972 vt
822 3913 876 3972 est
900 3902 995 3972 iuris.
1044 3898 1173 3970 ¹Verum
1201 3899 1555 3993 quiuinulicnpciono

173 4001 341 4076 lionorurn
378 4004 603 4078 ecclesiarum
643 4001 806 4074 videlicet
832 4002 984 4096 episcopi
1018 3998 1206 4093 dyocesani
1245 4002 1464 4098 necessarius
1499 4009 1554 4074 est

175 4122 392 4196 consensus,
433 4107 526 4176 cuius
569 4123 775 4174 consensum
815 4092 954 4198 pro'pter
994 4097 1197 4172 discordiam
1245 4101 1440 4192 eligentium
1483 4107 1551 4180 noir
