3794 4722
575 470 793 565 episcopatus
819 469 1115 566 wirciburgensis.
1506 472 1554 550 93

10 719 12 750 ,
168 665 345 739 infirmare
380 668 631 758 attemptanerit
664 669 866 738 auctoritate
902 665 993 738 beati
1018 668 1113 741 Petri
1147 677 1182 740 ct
1206 677 1326 741 nostra
1352 672 1555 744 auctoritaie

167 766 350 838 anathema
375 767 421 836 sit
445 763 653 836 mannatha.
704 765 853 838 Testes:
879 765 1059 840 Riclollus
1085 769 1196 839 maior
1219 769 1436 863 prepositus,
1461 770 1554 842 Per-

10 893 12 944 a
167 887 251 938 sens
288 864 462 953 decanus,
501 862 717 936 Reiuhardus
757 869 960 960 prepositus·
991 868 1072 938 noui
1113 869 1336 957 monasterii,
1372 867 1554 944 Heinricus

165 968 366 1061 prepositus
393 963 435 1034 de
462 960 725 1054 Ouoldesbaeh,
750 963 968 1036 wernherus
1001 967 1195 1061 prepositus
1235 968 1344 1038 saneti
1376 965 1556 1060 Jchannis,

164 1063 354 1136 Bertoldus
388 1063 585 1158 prepositus
623 1072 742 1135 sancte
774 1063 882 1136 lliarie
918 1065 953 1135 iu
989 1064 1188 1157 lloguntia,
1220 1064 1388 1136 Alhertus
1424 1075 1556 1158 custos,

166 1161 378 1236 Godelridus
406 1171 537 1248 cantor,
565 1160 743 1236 Gunradus
769 1161 984 1252 cellerarius,
1009 1163 1159 1234 chelo
1187 1166 1417 1258 portenarius,
1441 1164 1555 1237 lleiu-

164 1264 262 1334 riens
299 1260 522 1348 Vachardus,
566 1258 726 1358 Spiridus
769 1261 811 1332 dc
851 1260 1053 1355 Mulelrurg,
1093 1261 1271 1335 Gouradus
1308 1261 1353 1333 de
1384 1261 1555 1357 Froburg,

166 1360 380 1436 Godeiridus
406 1369 527 1431 cantor
548 1355 594 1452 ¹⁰)
622 1359 665 1432 de
678 1357 850 1432 Grutheim
877 1370 913 1432 et
932 1360 990 1431 alii
1006 1383 1105 1455 quam
1129 1361 1259 1456 plures.
1310 1361 1420 1432 Laici:
1446 1361 1555 1432 Eric-

165 1459 243 1532 bolt
278 1470 313 1530 et
350 1459 458 1530 irater
493 1460 568 1528 eius
591 1455 638 1550 ¹¹)
701 1458 901 1552 Trageboto
936 1458 979 1530 de
1021 1459 1167 1532 Grantse
1190 1456 1257 1552 ¹²),
1294 1459 1471 1532 Garuradus
1512 1459 1556 1532 de

167 1558 349 1634 Scheiuelt
370 1553 430 1650 ¹³),
457 1555 662 1632 Gadeiridus
688 1557 731 1630 de
758 1558 935 1630 Scheinelt
960 1555 1030 1652 ¹⁸),
1065 1556 1300 1630 Erlrenbertus
1326 1557 1369 1628 de
1395 1559 1556 1651 Argcrs-

166 1659 274 1748 heim,
301 1655 381 1729 Otto
408 1655 451 1728 de
475 1655 718 1730 Eanelulrusen
740 1655 800 1749 ¹⁶),
827 1656 961 1730 Albero
989 1657 1031 1729 de
1057 1656 1294 1748 Gotteuheim,
1326 1656 1487 1730 Walther
1512 1657 1557 1730 de

165 1755 397 1849 Niwenlrurg,
421 1751 584 1828 Wasmdt
609 1765 645 1827 et
670 1756 778 1828 irater
803 1777 885 1828 suus
911 1755 1046 1827 Albero
1073 1755 1116 1828 de
1141 1755 1288 1848 Niusan,
1310 1755 1487 1829 Arnoldas
1514 1755 1560 1828 de

168 1854 415 1950 Geggenhain,
440 1851 622 1926 Adelhoch
648 1853 691 1926 de
717 1855 947 1927 Biraheuuelt.
999 1855 1262 1928 ministeriales:
1288 1856 1378 1928 Boto
1405 1854 1448 1927 de
1465 1855 1556 1944 loro,

167 1956 322 2048 iringus
359 1953 402 2025 de
435 1951 653 2046 Zabelstein,
687 1953 869 2048 Billungus
906 1963 941 2025 et
974 1955 1156 2028 Heinricus
1184 1953 1339 2045 sculteti,
1376 1953 1558 2048 Billuogus

168 2053 423 2143 uicedomiuus,
447 2049 621 2126 Herelius
648 2059 870 2140 camerarius,
896 2051 1118 2125 uodaioldus
1146 2052 1265 2126 Linlro.
1318 2052 1408 2124 Acta
1435 2053 1556 2149 [anno]

169 2153 344 2226 dominice
379 2153 624 2224 incarnationis
664 2151 727 2224 lll0·
750 2153 803 2224 0⁰·
819 2149 1017 2242 uxvlllto,
1054 2152 1241 2225 indictione
1278 2149 1349 2243 112,
1388 2161 1559 2244 regnante

169 2251 433 2348 gloriosissimo
469 2250 703 2323 Romanorum
746 2255 955 2347 imperatore
991 2250 1187 2343 Pallenen,
1222 2252 1390 2347 Boppone
1425 2250 1557 2324 urbano

168 2354 297 2425 comite
322 2353 505 2423 existente.

381 2517 428 2582 Ex
443 2518 518 2582 libro
530 2517 648 2600 copiall,
670 2522 722 2598 qui
738 2516 844 2580 dicitur
856 2516 1004 2598 „Albus“,
1027 2517 1136 2580 collato
1151 2515 1228 2578 libro
1240 2515 1348 2596 coplall
1358 2513 1556 2600 Bebenburg,

385 2607 435 2684 quui
463 2607 493 2665 in
522 2601 720 2682 sequentibus
749 2605 861 2665 variat:
906 2601 938 2680 1)
970 2601 1234 2684 deprecationem,
1269 2597 1305 2678 2)
1322 2619 1420 2753 parve
1453 2601 1556 2684 digni-

383 2691 462 2766 tatis,
484 2683 519 2764 3)
529 2685 682 2766 ,‚uobllis“
697 2685 792 2766 deest,
814 2682 850 2764 4)
865 2688 1047 2766 „saniores“
1062 2684 1160 2764 deest,
1183 2683 1220 2768 5)
1235 2687 1319 2768 possi
1342 2691 1382 2764 ct,
1406 2679 1442 2762 6)
1453 2689 1558 2766 minas,

386 2769 419 2849 7)
433 2772 575 2854 „usque“
597 2770 693 2850 deest,
715 2765 750 2848 8)
766 2775 936 2853 empcione,
952 2769 987 2848 9)
1003 2775 1201 2834 transmutare
1236 2769 1291 2847 10)
1303 2771 1452 2850 „cantor-“
1463 2769 1562 2850 deest,

389 2852 443 2935 11)
465 2873 550 2936 suus,
576 2853 630 2933 12)
652 2854 775 2936 Creusa,
800 2854 855 2932 13)
878 2863 908 2919 et
933 2853 988 2936 14)
1009 2856 1167 2934 Steinualt,
1192 2815 1247 2932 15)
1268 2853 1490 2921 Enelcnhusen.

820 3267 923 3342 cxll.

762 3439 853 3502 Anno
877 3433 969 3503 1170.

175 3591 348 3667 Heroldus
365 3590 661 3688 wirceburgensis
678 3591 854 3668 ecclesiae
871 3593 1027 3666 minister
1040 3590 1246 3664 corroborat
1261 3591 1567 3685 emancipationem

176 3691 332 3788 capellae
346 3691 382 3764 in
398 3689 712 3784 Suiueshouhoteu,
739 3715 759 3764 a
784 3691 929 3786 quodam
954 3690 1126 3765 Richardo
1153 3687 1215 3766 suh
1239 3687 1433 3762 Emehardo
1467 3691 1567 3784 epis·

177 3813 264 3890 copo
274 3799 493 3865 constructae
502 3801 536 3864 et
547 3791 698 3885 dotatae,
710 3787 752 3864 ab
763 3795 855 3866 omni
869 3793 944 3864 iure
959 3791 1111 3864 matricis
1129 3789 1301 3863 ecclesiae
1318 3787 1564 3862 inlleveheim.

276 3923 315 3997 Ο.
366 3922 405 3996 ln
430 3929 568 4000 nomine
595 3933 713 4014 sancta
747 3933 782 4002 at
806 3922 975 4015 indiuidup
1000 3925 1170 4001 trinitatis.
1220 3919 1477 4013 Heroldus,
1511 3919 1568 3994 del

182 4026 292 4118 matie
317 4023 612 4120 wirceburgensis
648 4021 799 4114 ecclesie
834 4025 1000 4098 minister.
1053 4019 1152 4097 Sicut
1176 4043 1245 4113 ca,
1282 4043 1351 4116 que
1386 4029 1467 4117 aput
1501 4041 1567 4099 uos
