3774 4728
609 501 827 595 episcopatus
855 497 1151 592 wirziburgensis.

795 809 952 884 GOCXL.

568 1011 656 1073 llnno
682 1005 784 1088 tros,
813 1009 860 1076 15.
883 1010 1005 1093 Aprilis,
1028 1009 1186 1091 Erbipntis.

177 1193 311 1290 iringus
339 1195 568 1293 erbipolensis
596 1201 780 1294 episcopus
807 1198 1109 1294 capitulomaioris
1125 1197 1310 1284 ccclesiae,
1338 1195 1381 1268 ad
1396 1195 1564 1270 emenda-

177 1299 302 1370 ticnem
319 1297 603 1392 praebendarum,
631 1298 830 1394 parrochias
850 1302 884 1370 in
898 1297 1046 1372 Ascuelt
1071 1308 1105 1368 et
1131 1301 1165 1368 in
1180 1297 1399 1388 Wegenbem
1416 1297 1562 1370 coniert.

274 1439 346 1516 Nos
373 1443 556 1538 iringus
583 1443 637 1515 dci
658 1447 774 1536 gracia
792 1442 944 1516 ecclesie
959 1443 1187 1538 erbipolensis
1205 1445 1389 1538 episcopus
1407 1441 1563 1514 omnibus

176 1539 301 1616 Christi
326 1541 496 1634 fidelibus,
524 1543 565 1616 ad
578 1567 664 1640 quos
692 1565 837 1640 presens
852 1545 1014 1640 scriptum
1029 1545 1237 1640 peruenerit,
1264 1541 1408 1614 salutem
1425 1545 1457 1614 in
1475 1563 1562 1614 vcro

175 1644 325 1715 salutari.
380 1643 463 1716 Cum
490 1656 629 1741 propter
655 1644 827 1716 hominum
855 1655 888 1716 ct
913 1647 1078 1740 temporis
1113 1643 1281 1716 maliciam
1321 1643 1450 1714 fructus
1477 1665 1563 1740 pre-

175 1741 358 1817 bendarum
386 1745 593 1839 confratrum
619 1757 654 1817 ct
681 1749 992 1818 concanonicorum
1019 1755 1215 1818 nostrorum
1243 1747 1275 1814 in
1302 1741 1452 1839 pluribus
1472 1743 1562 1816 locis

174 1841 262 1916 adeo
290 1849 358 1918 sint
384 1843 536 1920 distracti
563 1857 596 1919 et
623 1845 787 1938 diminuti,
813 1845 903 1940 quod
930 1845 1075 1917 comode
1102 1847 1186 1940 ipsis
1213 1842 1386 1940 prebende
1414 1867 1477 1915 sue
1493 1867 1563 1916 non

175 1947 309 2040 possint
335 1947 550 2040 integraliter
576 1949 781 2020 ministrari:
808 1969 873 2020 nos
888 1947 1047 2018 uolentes
1075 1949 1138 2036 eia
1164 1955 1200 2016 ut
1225 1956 1395 2034 tenemur,
1421 1953 1563 2040 paterna

174 2067 277 2141 super
315 2044 381 2116 boc
421 2045 650 2120 sollicitudine
703 2045 906 2141 prouidere,
947 2070 990 2118 ne
1033 2050 1161 2119 nostris
1208 2043 1419 2142 temporibus
1456 2044 1562 2118 diuini

161 2147 316 2218 numinis
344 2145 455 2220 cultus
481 2152 514 2220 in
541 2157 661 2220 nostra
687 2147 837 2220 ccclesia
863 2151 1050 2234 minuatur,
1088 2157 1142 2218 set
1166 2149 1286 2242 pocius
1314 2154 1493 2238 augeatura
1520 2145 1562 2218 ad

174 2245 446 2320 emendationem
498 2247 746 2344 prebendarum
796 2252 948 2343 ipsomm
999 2249 1312 2320 concanonicorum
1364 2256 1563 2320 nostrorum

173 2346 369 2442 parrochias
397 2351 430 2420 in
456 2347 649 2420 Ascuelt
676 2359 711 2418 et
737 2351 770 2418 in
798 2346 1083 2440 chenhem
1111 2345 1283 2442 inquibus
1311 2347 1362 2418 ius
1385 2347 1563 2441 spirituale

175 2457 208 2518 et
235 2445 425 2544 temporale
453 2448 636 2538 babemus,
670 2451 745 2544 ipso
774 2447 921 2542 capitulo
950 2439 1157 2520 conterimus
1184 2445 1287 2542 pleno
1315 2450 1408 2536 iure,
1434 2449 1502 2538 ite,
1527 2457 1564 2520 ut

176 2546 419 2622 decedentibus
447 2551 620 2644 personis
647 2571 712 2642 que
740 2570 829 2620 nunc
856 2571 916 2622 aas
936 2545 1128 2644 possident,
1154 2545 1212 2620 nel
1237 2547 1306 2618 alin
1332 2545 1435 2618 modo
1463 2546 1561 2619 dictis

175 2647 336 2720 ecclesiis
376 2649 574 2723 uocantibus
615 2647 796 2744 capitulum
834 2652 942 2744 ipsum
979 2649 1071 2722 lucet
1108 2657 1295 2744 perpetuos
1335 2647 1484 2718 uicarios
1526 2657 1562 2718 et

172 2747 330 2844 ydoneos
359 2753 392 2822 in
419 2749 574 2838 eisdem‚
601 2747 861 2844 conpetentibus
887 2747 1069 2844 prebendis
1097 2758 1131 2820 et
1157 2750 1332 2820 consuetis
1359 2751 1410 2818 eis
1437 2747 1560 2842 assig-

173 2853 274 2942 natis,
301 2849 468 2946 quinobis
494 2863 529 2924 et
555 2847 816 2924 successoribus
843 2853 971 2922 nostris
998 2859 1032 2920 et
1045 2845 1293 2920 archidiaconis
1311 2847 1478 2938 locorum,
1505 2849 1561 2942 qui

172 2973 234 3046 pro
275 2960 429 3048 tempore
461 2951 606 3042 luerint,
632 2948 674 3021 de
713 2953 786 3026 iure
813 2973 876 3022 suo
898 2947 1040 3030 ¹ualeant
1064 2949 1299 3044 respondere,
1337 2957 1371 3018 et
1404 2945 1560 3042 quicquid
1669 2977 1670 2982 ¹

172 3049 345 3122 residuum
372 3049 474 3124 inerit
499 3051 542 3124 dc
567 3049 732 3126 buctibus
759 3061 794 3122 et
820 3047 1087 3124 obuencionibus
1115 3049 1339 3121 ecclesiarum
1374 3045 1560 3120 earundem

173 3173 277 3246 super
303 3149 495 3246 prebendas
523 3155 740 3240 atoariorum,
767 3151 800 3222 in
829 3173 912 3224 vsus
922 3149 1062 3222 fratrum
1075 3147 1221 3222 fideliter
1236 3157 1467 3238 conum-tatur,
1493 3145 1560 3220 boe

172 3273 257 3324 sane
283 3250 467 3346 diligenter
493 3257 647 3348 procuso,
672 3274 716 3324 ne
745 3274 826 3324 cura
853 3253 1037 3322 animarum
1066 3253 1098 3322 in
1124 3247 1254 3322 eisdem
1279 3245 1469 3346 parrochiis
1496 3247 1558 3320 vl-

172 3352 306 3426 latenus
329 3353 536 3446 negligetur.
589 3353 773 3424 Statuimus
801 3353 909 3423 eciam
937 3362 970 3424 et
998 3351 1177 3439 uolumus,
1213 3361 1249 3420 ut
1285 3353 1319 3420 in
1358 3351 1559 3422 memoriam

173 3451 364 3548 largitionis
404 3463 523 3526 nostre
564 3453 606 3524 de
648 3452 745 3524 dictis
787 3449 975 3548 parrochiis
1014 3453 1267 3522 anniuersarius
1302 3459 1424 3520 noster
1458 3451 1557 3522 annis

171 3553 316 3648 singulis
344 3578 363 3624 a
390 3551 480 3626 dicto
506 3554 653 3650 capitulo
682 3575 756 3626 curn
784 3551 1037 3648 sollempnitate
1064 3547 1175 3622 debita
1191 3548 1395 3624 celebretur.
1434 3549 1557 3625 Datum

170 3649 343 3750 Erbipulis
370 3677 459 3726 anno
477 3655 718 3736 brcarnaticnis
742 3651 869 3725 domini
884 3651 928 3724 bl.
944 3650 1011 3724 CC.
1029 3653 1310 3746 quinquagesimo
1323 3645 1395 3738 bt,
1423 3647 1556 3724 decimo

172 3757 316 3849 septimo
343 3753 508 3827 kalendas
533 3753 624 3844 narr,
651 3753 864 3848 pontilicatus
891 3755 1000 3826 nostri
1035 3773 1124 3823 anno
1153 3762 1265 3824 sexto.
1318 3749 1355 3822 ln
1382 3751 1478 3820 cuius
1505 3752 1557 3822 rei

170 3859 330 3928 noticiam
357 3864 393 3928 ct
416 3853 650 3926 certitudinem
687 3852 887 3950 ampliorem
921 3861 1117 3950 presentem
1144 3851 1291 3926 litteram
1325 3853 1376 3924 eis
1404 3845 1556 3925 dedimus

175 3955 282 4049 sigilli
308 3959 417 4030 nostri
444 3955 626 4027 munimine
645 3951 798 4032 *ndetuer
825 3958 1070 4046 consignatam.

379 4123 535 4209 Appendet
559 4125 689 4210 sigillum
711 4123 799 4209 ltingt
823 4127 956 4205 episcopi
980 4123 1105 4187 laesum.

196 4255 245 4298 aon.
262 4256 314 4298 rto.
338 4256 380 4298 m.
394 4249 481 4298 mm.
496 4263 542 4298 nv.
558 4255 604 4298 cert
618 4251 642 4296 r.
1173 4205 1221 4284 49
