3774 4728
321 429 393 506 391
901 426 1120 509 Monumeuta
1150 536 1157 546 ὓ

323 631 552 728 indulgemus.
605 629 733 706 Eadem
760 635 963 706 auctoritate
989 631 1227 710 nichilominus
1254 631 1495 721 decernentes,
1519 639 1556 702 ut
1582 630 1612 702 si
1638 627 1707 700 ali-

325 733 402 830 quid
430 742 550 808 contra
576 731 766 806 huiusmodi
794 737 1033 812 concessionis
1060 744 1180 807 nostre
1206 743 1363 808 tenorem
1395 756 1415 804 a
1442 751 1609 827 quoquam
1632 751 1707 812 ,ex-

322 836 447 910 stiterit
473 835 609 932 propria
633 837 825 908 temeritate
850 844 1106 931 presumptum,
1146 838 1190 908 sit
1217 837 1346 908 irritum
1373 841 1407 904 et
1431 835 1544 906 inane.
1595 829 1640 906 Et
1676 831 1707 903 si

322 935 413 1010 lorte
440 933 553 1030 alique
579 937 757 1009 sentencie
783 937 818 1007 in
844 958 911 1010 vos
944 935 1008 1008 hac
1033 938 1219 1010 occasione
1246 933 1379 1032 prolate
1404 932 1554 1020 fuerint,
1579 927 1708 1007 nullum

322 1035 427 1110 robur
454 1035 630 1110 obtineant
655 1033 832 1110 firmitatis.
883 1034 974 1110 Nulli
1001 1059 1087 1130 ergo
1116 1039 1254 1110 cornino
1279 1035 1452 1108 hominum
1485 1033 1589 1105 liceat
1621 1029 1709 1108 hano

322 1140 482 1236 paginam
509 1147 629 1212 nostre
656 1137 896 1212 concessionis
923 1136 1112 1232 intringere
1153 1137 1209 1210 uel
1236 1139 1269 1212 ei
1294 1158 1379 1210 ausu
1405 1135 1589 1208 temerario
1616 1153 1708 1206 cou-

322 1241 439 1312 traire.
493 1235 632 1334 Siquis
670 1247 782 1310 autem
816 1237 883 1310 hoc
916 1249 1116 1335 attemptare
1150 1239 1397 1334 presumpserit
1432 1234 1707 1331 indignacionem

322 1341 567 1436 omnipotentis
593 1338 647 1412 dei
674 1349 709 1412 et
734 1337 912 1413 beatorum
938 1339 1031 1412 Petri
1066 1350 1100 1412 et
1125 1339 1243 1429 Pauli,
1313 1335 1505 1413 ostolorum
1532 1337 1628 1424 eius,
1666 1357 1707 1410 se

321 1443 458 1514 nouerit
484 1443 706 1515 incursurum.
758 1439 881 1514 Datum
908 1440 1092 1534 Anagnia,
1117 1437 1219 1516 Xllll.
1249 1438 1292 1512 ta
1308 1435 1413 1514 endas
1435 1435 1538 1528 Julii,
1563 1433 1706 1532 pontili-

323 1551 419 1614 catus
447 1544 557 1616 nostri
582 1563 672 1616 auno
699 1549 812 1614 sexto.

529 1740 576 1804 lix
598 1746 779 1803 transsumtu
813 1739 948 1804 officialis
981 1745 1084 1804 curiae
1112 1685 1332 1824 herbipolensis
1365 1739 1403 1802 de
1433 1737 1503 1802 datu
1535 1737 1708 1821 „llerbipoli

536 1821 627 1906 1342,
651 1825 726 1890 lorta
748 1834 853 1910 quarta
875 1834 944 1910 post
967 1825 1154 1907 dominicam,
1177 1846 1236 1912 qua
1258 1827 1337 1894 oculi
1360 1826 1527 1892 cantatur“.

911 2193 1116 2272 GOGXLVl.

789 2397 878 2462 Anno
903 2393 1006 2479 1260,
1032 2395 1081 2463 17.
1103 2398 1243 2483 Augusti.

321 2582 505 2658 hertoldus
532 2583 574 2656 dc
587 2671 588 2674 Ἴ
601 2581 829 2659 Sterrcnherc
855 2585 1059 2660 scolasticus
1094 2595 1130 2658 et
1166 2583 1426 2658 archidiaconus
1453 2583 1708 2681 herbipolensis

319 2683 413 2758 bona
450 2687 484 2758 in
519 2683 604 2758 villa
630 2683 918 2775 lleidcbruunen,
955 2709 1042 2782 quae
1080 2684 1265 2762 oblationis
1303 2687 1443 2760 nombre
1481 2683 1523 2758 ab
1556 2683 1708 2759 ccclesia

321 2783 557 2880 herbipolensi
590 2787 715 2875 tenuit,
749 2789 978 2881 permissione
1004 2786 1110 2881 lringi
1150 2789 1304 2883 episcopi
1336 2796 1373 2860 et
1398 2807 1545 2862 assensu
1571 2785 1708 2882 capituli

372 2883 530 2958 dominae
556 2885 654 2957 lutae
681 2885 877 2961 abbatissae
903 2898 938 2959 et
964 2889 1149 2960 conventui
1175 2891 1209 2960 in
1234 2883 1502 2961 bleidehrannen
1528 2885 1658 2960 vendit.

422 3054 496 3132 Nos
520 3055 767 3132 hertoldus
794 3056 836 3130 dc
864 3057 1194 3155 Stcrrenherg,
1228 3059 1434 3134 scolasticus
1461 3069 1496 3132 et
1520 3057 1707 3157 archidya-

323 3179 432 3232 conus
444 3155 708 3254 herbipolensis,
735 3163 1043 3254 recongnosoimus
1056 3171 1090 3233 et
1104 3171 1227 3235 tencre
1243 3161 1451 3258 presentium
1466 3169 1708 3257 protestamur,

322 3257 415 3356 quod
438 3273 504 3333 nos
529 3257 618 3334 hone
644 3269 763 3335 nostra
788 3263 823 3332 in
849 3259 953 3351 villa,
986 3285 1052 3358 que
1079 3261 1198 3335 dicitur
1223 3258 1605 3352 hleidehrunuen,
1641 3283 1708 3358 que

323 3362 491 3436 tenuimus
516 3362 551 3432 iu
578 3363 696 3454 agris,
734 3363 839 3456 pratis
878 3371 912 3434 at
948 3367 1076 3438 mansis
1104 3362 1287 3438 oblationis
1324 3363 1462 3434 nomino
1488 3359 1531 3434 ah
1557 3361 1708 3436 ecclesia

322 3471 454 3553 nostra,
480 3459 692 3534 vendidimus
718 3459 855 3536 domine
882 3463 990 3536 lvte
1017 3462 1189 3538 abbatisse
1224 3472 1260 3536 et
1294 3463 1476 3536 conuentui
1509 3465 1544 3536 in
1570 3461 1708 3538 bleida-

322 3559 476 3636 brunnen
502 3583 565 3658 pro
592 3563 832 3657 quinquaginta
859 3564 996 3638 mleahs
1037 3575 1072 3638 et
1106 3585 1176 3636 vno
1201 3561 1406 3636 hahensium
1446 3561 1489 3635 de
1527 3561 1638 3636 verbo
1674 3573 1709 3638 ct

323 3663 551 3758 permissione
578 3661 788 3737 venerahilis
815 3663 941 3738 domiui
978 3669 1088 3739 nostri
1122 3663 1265 3758 lringi
1303 3665 1456 3758 episcopi
1493 3686 1631 3738 necnon
1666 3663 1708 3738 de

325 3766 494 3836 communi
519 3774 554 3836 et
578 3765 728 3836 unanimi
754 3763 931 3840 voluntate
956 3769 1067 3840 nostri
1095 3764 1230 3861 capituli
1257 3773 1292 3834 et
1316 3783 1463 3838 assensu
1488 3767 1707 3861 proprietatis

324 3863 421 3937 titulo
447 3873 613 3960 perpetuo
639 3864 857 3960 possidenda.
909 3863 965 3938 Ad
992 3869 1088 3941 euius
1122 3868 1174 3938 rei
1207 3865 1372 3938 maiorem
1406 3863 1629 3958 euidentiam,
1663 3888 1708 3940 ae

329 3962 421 4036 iorte
447 3986 550 4060 super
576 3963 643 4038 hoo
667 3965 880 4061 postmodum
914 3965 1034 4062 aliquis
1069 3964 1248 4040 dubietatis
1274 3964 1454 4060 scrupulus
1481 3967 1596 4040 valeat
1620 3965 1707 4041 sab-

328 4065 424 4156 oriri,
448 4074 645 4164 presentem
669 4065 815 4146 litteram
829 4065 971 4174 pretatis
986 4067 1017 4148 l.
1035 4065 1206 4150 abbatisse
1233 4076 1268 4144 ct
1280 4068 1464 4144 concentui
1488 4066 1706 4146 iubleidc-
