3774 4728
319 477 393 556 w
907 475 1128 556 llouumsutu
1172 551 1174 556 .

316 676 468 750 ferendo.
520 673 593 750 Nos
619 687 730 749 nutem
746 675 837 750 bonu
853 675 971 750 endem
983 681 1018 749 in
1029 698 1146 750 munus
1161 687 1299 752 nostrus
1313 687 1349 748 et
1366 674 1430 748 Tb.
1447 673 1490 746 de
1501 673 1589 746 Vrb
1600 675 1697 768 eim,

317 788 353 850 ut
368 775 589 873 prediximus,
616 780 790 871 assignato
806 777 999 874 suprodioto
1015 776 1099 848 bud
1109 799 1129 850 s
1141 799 1174 850 w
1185 780 1195 848 i
1206 799 1255 850 oo
1282 777 1519 850 conoessimus
1535 777 1570 846 in
1590 773 1695 849 leodo

316 875 534 973 possidendo.
587 875 752 951 Homines
779 899 866 949 vero
883 880 1113 952 commisimus
1131 876 1255 968 eidem,
1281 888 1320 950 vt
1346 873 1610 971 eospossident,
1625 897 1695 954 non

315 980 453 1050 nomine
478 975 585 1067 feodi,
609 981 675 1066 set,
701 986 738 1047 ut
763 975 825 1050 sub
851 999 911 1050 sue
925 976 1030 1048 tutele
1057 979 1136 1067 sint,
1162 987 1198 1049 et
1223 981 1255 1050 ei
1270 976 1477 1064 deserniont,
1504 977 1592 1047 siout
1607 973 1696 1067 buo-
1843 1013 1847 1020 ·

316 1085 415 1148 tenus
442 1085 718 1149 oonsweuerunt.
771 1075 849 1172 lpse
886 1079 987 1148 edum
1021 1075 1255 1150 Ludwious
1291 1075 1391 1150 nobis
1425 1073 1571 1147 fideliter
1603 1097 1696 1148 oon-

315 1179 483 1272 promisit,
509 1175 599 1271 quod
624 1176 752 1250 nullum
766 1175 1037 1271 impedimentum
1064 1181 1097 1249 in
1112 1175 1242 1250 eisdem
1257 1175 1356 1249 bonis
1372 1174 1472 1248 nobis
1492 1184 1528 1246 et
1542 1173 1696 1249 eoeleste

314 1287 435 1356 uestro
458 1275 562 1351 tenu
587 1278 661 1354 siue
688 1299 731 1350 en
755 1273 960 1350 intendendo
987 1277 1046 1348 vel
1074 1280 1081 1294 '
1130 1277 1319 1370 ignorando
1354 1285 1409 1348 sot
1446 1285 1526 1371 post
1550 1285 1696 1348 mortem

315 1397 425 1468 sunm,
452 1381 482 1451 si
507 1374 636 1470 absque
661 1375 844 1453 heredibus
871 1373 1082 1466 decesserit,
1121 1375 1216 1448 ibero
1242 1387 1278 1450 et
1302 1373 1415 1448 solutu
1441 1373 1484 1448 od
1509 1374 1695 1454 ecclesium

314 1487 466 1554 nostram
492 1475 726 1550 deuoluentur.
777 1473 922 1550 Nomine
948 1486 1059 1552 nutem
1093 1474 1259 1552 bonorum
1299 1475 1400 1548 nobis
1436 1473 1590 1554 dotorum
1616 1485 1696 1552 suut

313 1575 400 1652 boo:
428 1574 1062 1666 Medietusoustriiultubeuoolro,
1089 1578 1123 1650 in
1145 1575 1374 1650 Broubero
1398 1571 1695 1668 villqulmnusi,

314 1673 457 1770 quilibet
479 1697 619 1750 mensus
644 1675 787 1750 soluens
812 1675 879 1750 XX
904 1675 1078 1766 denarios,
1103 1675 1118 1748 l
1143 1674 1292 1750 modium
1317 1675 1477 1770 siliginis,
1505 1672 1521 1744 l
1545 1675 1695 1752 neuun

313 1797 440 1866 evene,
464 1785 580 1871 preter
606 1778 806 1871 precarium.
858 1775 942 1852 ltsm
969 1774 1198 1852 molendinum
1224 1775 1265 1848 od
1293 1775 1359 1850 XX
1386 1773 1557 1850 deuurios.
1609 1773 1695 1851 lton

313 1897 414 1946 unum
440 1873 649 1963 forwere,
677 1873 754 1948 Vlll
780 1878 910 1966 mensi,
936 1875 1076 1970 quilibet
1112 1897 1250 1950 mensus
1277 1873 1342 1949 XX
1368 1874 1539 1953 donnino
1591 1873 1695 1972 Apud

203 1960 238 2062 ¹,
312 1973 490 2070 llurpub
516 1971 606 2048 Xllll
630 1975 831 2048 munsi'oum
847 1975 948 2048 simili
965 1997 1084 2063 eensu,
1108 1985 1226 2070 preter
1243 1977 1442 2070 precarium.
1469 1973 1552 2047 ltem
1568 1973 1693 2049 ibidem

313 2073 476 2150 decimum
505 2071 684 2150 dimidiam.
736 2073 1094 2157 Horloibosdori
1125 2073 1155 2146 ll
1188 2078 1320 2162 mensi,
1357 2096 1446 2148 vnus
1485 2073 1627 2148 soluens
1660 2075 1694 2148 V

313 2173 393 2263 sol,
407 2173 494 2246 nlter
507 2172 1238 2272 XXXdeneriospretorpreonriem,pullos
1254 2173 1378 2246 etuliu.
1405 2174 1693 2249 Huneluutbe

311 2269 357 2346 ΙΙΙ
382 2277 504 2364 mensi,
530 2272 726 2368 quilibetv
742 2273 807 2347 sol.
823 2285 983 2371 pretereo
997 2274 1121 2348 ibidem
1135 2271 1546 2368 Vllljugeruvinenrum.
1574 2273 1691 2348 Gon-

311 2372 551 2463 mnrsdorf,
577 2395 678 2446 unum
703 2373 917 2465 forwero,
944 2374 1011 2448 duo
1036 2378 1196 2448 munsiot
1217 2371 1383 2446 dimidius.
1411 2373 1692 2448 Gmsineuelt

311 2468 356 2544 lll
380 2477 502 2564 mensi,
529 2495 650 2568 omnes
676 2473 980 2548 soluentesXsol.
993 2485 1110 2575 preter
1133 2477 1322 2569 precarium
1339 2483 1374 2545 et
1391 2475 1571 2568 piscarium
1586 2473 1691 2547 dimi-

311 2571 409 2646 dium.
462 2573 814 2646 Tebemnrsdorl
835 2573 865 2646 ll
890 2577 1012 2664 mansi,
1038 2572 1254 2670 quilibotXX
1269 2571 1345 2644 den.
1360 2581 1476 2668 preter
1501 2577 1690 2670 preconium

311 2683 346 2744 et
370 2676 550 2769 piscarium
575 2671 753 2746 dimidium.
806 2671 1114 2748 Vrickeudori
1135 2671 1181 2746 lll
1206 2675 1336 2762 mensi,
1362 2671 1503 2767 quilibet
1526 2673 1585 2746 XL
1612 2673 1689 2748 den.

309 2781 426 2866 preter
450 2774 640 2868 precarium
665 2783 699 2844 et
725 2775 903 2868 pisourinm
931 2769 1099 2845 dimidium
1125 2771 1165 2844 ed
1193 2771 1291 2844 XXX
1316 2772 1382 2844 sol.
1419 2771 1514 2870 Aput
1537 2771 1689 2848 Eberu

308 2869 540 2948 molendinum
563 2871 688 2946 valeus
711 2871 776 2950 XX
802 2871 937 2947 modios
964 2872 1133 2967 siliginis,
1165 2870 1226 2948 llll
1253 2870 1388 2947 modios
1422 2875 1527 2950 uiuet
1551 2883 1585 2946 et
1610 2875 1690 2972 pis·-

309 2973 438 3046 mrum
460 2969 599 3062 ibidem,
647 2967 736 3044 ltem
760 2993 835 3048 oum
862 2971 1025 3046 deficeret
1049 2975 1084 3046 iu
1108 2969 1208 3050 bouis
1235 2969 1354 3048 liberis
1381 2969 1503 3048 solutis
1530 2969 1573 3047 ed
1598 2995 1687 3069 sup-

164 3157 166 3168 .
307 3069 501 3242 piamonem
526 3067 693 3146 bonorum
720 3082 908 3245 empitsorum
935 3071 1116 3166 bonejam
1142 3069 1346 3147 nominuudu
1372 3095 1392 3142 n
1418 3093 1605 3147 munusue
1627 3075 1689 3148 iu-

346 3167 445 3243 odntn
470 3169 572 3242 simili
596 3167 699 3243 modo
725 3193 770 3244 no
851 3181 887 3244 et
911 3166 1062 3245 eoelesie
1087 3181 1206 3244 nostre
1232 3174 1530 3268 improprietatem
1553 3170 1689 3246 tradidit

310 3279 345 3342 et
370 3267 520 3360 denunt,
544 3267 710 3342 videlieet
731 3267 1119 3366 Trogemorsdori
1149 3267 1242 3344 Vllll
1274 3293 1418 3345 mensos
1448 3281 1483 3343 et
1519 3269 1687 3346 dimidium

309 3367 484 3447 dodim.
535 3365 573 3441 lu
599 3367 745 3442 flando
778 3368 824 3442 ΠΙ
859 3381 895 3444 et
927 3369 1096 3444 dimidium
1134 3393 1287 3445 munos.
1336 3372 1376 3444 ln
1398 3370 1618 3446 biutbebe
1642 3365 1690 3446 tlt

307 3489 458 3544 usos
510 3467 549 3541 ln
573 3467 722 3541 utero
755 3467 927 3543 dimidium
957 3491 1113 3544 mensum
1146 3481 1182 3544 et
1213 3467 1306 3544 Vllll
1331 3492 1444 3548 oreos.
1495 3471 1572 3544 lloo
1594 3470 1689 3554 hon.

307 3570 376 3642 inm
399 3568 490 3642 unt·
513 3567 668 3664 possidet
694 3567 755 3642 Tb
782 3569 824 3642 do
847 3569 1135 3644 bibtensteiu
1162 3569 1327 3644 intento.
1360 3569 1690 3650 lealleinobub

307 3665 386 3741 Vlll
409 3667 514 3742 inodo
536 3671 572 3742 iu
598 3671 693 3762 quis
717 3678 754 3741 ot
778 3669 897 3762 siluis,
921 3691 986 3766 que
1009 3669 1111 3743 brist
1134 3668 1426 3766 llurqnurdus
1460 3669 1503 3742 de
1535 3669 1690 3768 linge·

305 3767 420 3843 beitu
445 3770 481 3841 'm
506 3767 623 3842 ieodn
675 3765 819 3842 Nomine
845 3780 957 3842 entem
982 3769 1153 3844 bominum
1188 3769 1288 3846 uobis
1328 3780 1365 3842 ot
1388 3770 1540 3846 suolonis
1564 3784 1690 3850 nostre

192 3939 198 3958 ,
306 3867 461 3942 &torum
486 3875 565 3942 sunt
588 3866 671 3940 ben:
711 3865 993 3944 Goteboldus
1028 3871 1129 3944 miles
1164 3880 1199 3944 et
1223 3869 1256 3942 v
1280 3873 1378 3966 puori
1403 3869 1449 3946 to
1471 3869 1689 3966 Koselun,

303 3967 541 4062 ilerdeqen
563 3966 776 4058 moun,
799 3967 1036 4044 Helorinus
1052 3970 1152 4046 miles
1168 3969 1605 4050 munet-nenettuv
1624 3971 1688 4047 biri

304 4077 343 4141 et
365 4089 435 4140 vnn
448 4063 774 4144 llliullerdrndis
800 4089 878 4140 on
895 4068 1003 4145 tribus
1026 4073 1155 4167 pneris.
1182 4070 1337 4166 dumque
1351 4069 1687 4166 puerillerbordi
