3774 4728
589 461 804 556 episcopatus
829 457 1123 556 wirziburgensis.

798 867 927 942 ocull.
1043 867 1045 872 ’

499 1067 586 1130 Anno
613 1065 714 1146 1225,
747 1064 797 1130 20.
821 1067 1010 1148 Novembris,
1032 1067 1211 1152 flagrantiae.

171 1247 347 1320 Gunradus
372 1255 569 1344 portuensis
596 1261 630 1322 et
656 1262 796 1325 sanctae
822 1251 964 1326 Rufinae
992 1256 1187 1349 episcopus,
1214 1249 1427 1348 apostolicae
1455 1249 1547 1323 sedis

169 1347 328 1443 legatus,
362 1351 509 1444 capitulo
544 1355 682 1424 maioris
721 1353 892 1426 ecclesiae
918 1353 1211 1446 wirceburgensis
1251 1349 1312 1422 sub
1338 1371 1450 1445 poena
1478 1373 1548 1422 ex-

172 1452 486 1522 communicationis
512 1451 705 1538 interdicit,
731 1451 944 1540 oblationes,
983 1451 1104 1526 domos
1138 1451 1198 1522 vel
1225 1455 1337 1524 curias
1375 1473 1437 1524 seu
1464 1449 1565 1523 alias-

170 1553 429 1644 possessiones,
455 1572 542 1645 quae
568 1555 741 1624 canonicis
770 1556 937 1646 assignari
961 1551 1096 1642 debent,
1123 1555 1157 1624 in
1173 1551 1282 1623 laicos
1300 1549 1360 1623 vel
1380 1571 1548 1646 personas

467 1651 552 1723 alias
579 1661 676 1722 extra
702 1673 870 1746 personas
897 1653 1032 1748 capituli
1059 1651 1256 1724 transferre.

271 1815 310 1889 0.
336 1821 557 1892 miseratione
584 1819 695 1893 diuina
721 1825 983 1916 portuensis
1018 1831 1052 1894 et
1089 1831 1247 1892 sancte
1272 1818 1442 1892 Ruiinc
1469 1822 1549 1915 epi-

171 1940 311 2014 scopus,
337 1919 527 2013 apostolicc
553 1919 646 1993 sedis
674 1922 820 2016 legatus,
846 1921 980 2013 dilectis
996 1925 1030 1992 in
1047 1919 1185 1994 Christo
1205 1921 1394 2020 preposito,
1419 1918 1549 1992 decano

169 2019 300 2112 totique
327 2018 473 2114 capitulo
501 2023 639 2093 maioris
674 2023 823 2093 ecclesie
850 2021 1100 2117 herbipolensis
1126 2021 1281 2092 salutem.
1333 2019 1549 2092 Auctoritate

170 2117 377 2212 legacionis,
403 2141 467 2212 qua
493 2117 683 2214 fungimur,
718 2119 815 2192 uobis
851 2120 914 2194 sub
939 2143 1025 2217 pena
1053 2120 1421 2192 excommunicacionis
1448 2139 1560 2191 mana

171 2217 303 2306 damus,
330 2240 374 2290 ne
401 2217 613 2308 oblaciones,
641 2219 848 2293 siuedomos
875 2220 931 2292 uel
959 2223 1082 2308 curias,
1111 2243 1172 2292 seu
1199 2220 1283 2290 alias
1300 2223 1547 2313 possessiones

171 2317 324 2390 ecclesie
350 2327 479 2408 uestre,
505 2341 570 2414 que
596 2319 720 2394 debent
743 2329 778 2392 et
804 2329 1057 2392 consueuerant
1078 2329 1217 2392 actenus
1245 2319 1418 2390 canonicis
1431 2322 1549 2411 assig-

170 2419 270 2506 nari,
301 2417 358 2488 uel
385 2439 480 2490 usum
508 2417 672 2492 fructuum
700 2440 814 2492 earum
841 2423 874 2490 in
900 2419 1009 2492 laicos
1036 2419 1090 2490 uel
1118 2440 1286 2514 personas
1313 2415 1424 2506 alias,
1452 2429 1550 2490 extra

171 2537 340 2612 personas
366 2521 474 2589 uestri
488 2519 624 2614 capituli
637 2519 860 2592 transferatis.
914 2517 1027 2612 Siquis
1046 2529 1159 2590 autem
1175 2529 1294 2590 contra
1306 2516 1550 2590 inhibicionem

171 2625 325 2690 nostram
349 2613 417 2688 hoc
442 2615 650 2714 adtemptare
664 2620 919 2715 presumpserit,
947 2617 1140 2706 oblacione,
1164 2620 1257 2688 curia
1282 2617 1339 2689 uel
1360 2615 1461 2689 domo
1487 2639 1550 2688 seu
1609 2632 1616 2644 ’

172 2715 249 2789 aliis
275 2717 556 2810 possessionibus
583 2729 699 2790 eareat
725 2721 799 2814 ipso
834 2721 927 2807 iure,
963 2729 998 2790 et
1024 2717 1204 2813 capitulum
1229 2716 1316 2790 hanc
1342 2726 1548 2812 potestatem

173 2838 215 2887 ea
240 2837 392 2911 persone
417 2819 524 2890 uestri
561 2818 695 2914 capituli
731 2816 907 2891 offerendi.
958 2819 1023 2906 Qui
1058 2840 1144 2890 uero
1181 2817 1223 2889 de
1259 2838 1358 2888 manu
1395 2818 1551 2888 canonici

174 2925 293 2988 contm
320 2914 405 2988 banc
429 2915 698 3012 prohibicionem
726 2917 952 3007 oblacionem,
978 2916 1112 2990 domum
1139 2918 1195 2990 uel
1218 2921 1356 3006 curiam,
1383 2915 1439 2988 uel
1465 2915 1549 2990 alias

172 3017 418 3112 possessiones
458 3017 516 3088 uel
548 3039 645 3090 usum
670 3017 836 3090 lructuum
865 3020 938 3090 eius
965 3021 1167 3114 receperit,
1182 3019 1550 3090 excommunicacionis

175 3117 350 3187 sentencia
386 3137 425 3186 se
462 3121 598 3188 nouerit
622 3115 828 3190 innodatum.
880 3117 985 3190 Huius
1024 3116 1114 3191 modi
1148 3120 1357 3191 sentenciam
1394 3115 1434 3188 ad
1470 3113 1550 3190 illos

173 3215 331 3286 uolumus
358 3215 507 3306 extendi,
532 3215 651 3312 quibus
678 3215 991 3304 mediantibusiste
1013 3217 1148 3304 luerint,
1174 3219 1229 3310 qui
1244 3214 1551 3290 fideicommissarii

174 3324 418 3410 nuncupantur,
445 3339 464 3387 a
489 3337 555 3412 qua
580 3321 756 3390 sentencia
781 3338 843 3412 per
868 3318 1065 3413 episcopum
1092 3315 1363 3411 erbipolensem,
1400 3317 1455 3411 qui
1487 3335 1550 3410 pro

175 3423 329 3511 tempore
355 3413 476 3505 luerit,
501 3425 580 3512 post
606 3417 874 3491 satisfactionem
901 3413 1057 3488 idoneam
1084 3415 1291 3488 absoluatur.
1345 3413 1406 3488 Cui
1433 3413 1549 3488 damus

177 3536 279 3610 super
305 3513 371 3586 boc
397 3517 578 3588 autoritate
602 3517 814 3612 legacionis,
850 3539 913 3610 qua
945 3515 1135 3611 fungimur,
1161 3525 1374 3612 potestatem.
1427 3515 1550 3586 Datum
1679 3599 1681 3604 Ι

174 3611 368 3708 llaguncic,
393 3637 481 3686 anno
508 3613 676 3689 dominice
702 3617 951 3689 incemacionis
964 3615 1021 3688 blo
1040 3613 1268 3706 CG⁰·XXV⁰·,
1291 3611 1366 3687 Xll.
1385 3611 1549 3688 kalendas

94 3725 97 3733 “
175 3712 388 3789 Decembris.

383 3884 522 4032 gipllllunp
542 3883 614 4032 onlslm
637 3901 798 3967 appensum
820 3888 923 3968 periit,
952 3883 1172 3948 remanentibus
1205 3883 1261 3948 lilts
1284 3887 1390 3947 sertus
1411 3885 1494 3947 rubrl
1512 3885 1551 3948 'ac

405 3989 422 4032 a
474 3985 542 4033 coo
583 4017 591 4032 .

203 4197 252 4236 Ιοι
269 4197 321 4236 sote.
339 4198 380 4236 tal.
395 4196 480 4235 mvn.
496 4205 540 4235 aar.
555 4199 601 4236 eall.
617 4195 639 4236 L
1168 4153 1216 4226 28
