3838 4728
916 409 1210 502 macoma

954 751 1088 829 ΟΜΝ.

789 955 878 1019 Anno
902 949 1005 1037 1281,
1028 950 1059 1018 3.
1079 951 1270 1018 Novembris.

334 1138 502 1214 Alhertns
531 1138 680 1211 decoras
707 1147 742 1210 et
768 1138 947 1234 capitulum
975 1138 1148 1212 ecclesiae
1174 1136 1426 1235 herbipolensis
1444 1143 1604 1222 smmum,
1630 1131 1721 1230 qood

336 1237 484 1313 cincimo
517 1241 674 1332 magistri
707 1240 898 1333 pistorum,
937 1261 1001 1335 per
1039 1247 1184 1311 mortem
1220 1235 1389 1333 quondam
1420 1231 1607 1307 llermanni
1641 1232 1719 1306 dicti

386 1338 428 1410 dc
455 1335 694 1434 Bergerhoue,
720 1337 811 1430 laici,
836 1359 980 1430 vacans,
1006 1335 1168 1435 deinceps
1193 1361 1263 1410 non
1292 1336 1445 1440 amplius¹
1462 1333 1668 1407 conderetur.

434 1506 507 1580 Nos
541 1507 760 1580 Alhertus
797 1505 947 1580 decanus
990 1520 1025 1580 et
1062 1507 1242 1603 capitulum
1282 1506 1434 1579 ecclesie
1469 1503 1720 1600 herbipolensis

335 1617 458 1679 tenore
484 1610 692 1702 presentium
717 1611 1014 1701 recognoscimus,
1043 1617 1078 1679 et
1103 1607 1146 1678 ad
1170 1608 1383 1701 singulorum
1409 1615 1477 1676 tam
1497 1607 1721 1700 presentium,

335 1727 434 1801 quem
461 1707 649 1779 huturorum
662 1709 821 1779 noticiam
834 1707 994 1779 uolumus
1010 1710 1206 1802 peruenire,
1231 1707 1423 1802 quodcum
1444 1714 1589 1776 remote
1605 1703 1720 1778 cilicio

335 1810 493 1900 magistri
518 1809 683 1900 pistorum
708 1825 770 1900 per
796 1817 942 1880 mortem
970 1806 1137 1901 quondam
1165 1807 1407 1878 Hermannl
1428 1803 1512 1876 dicti
1538 1803 1583 1875 de
1606 1805 1719 1876 ller-

336 1905 541 2002 gerhove
566 1903 646 1976 laici
671 1903 884 1978 honorabilis
917 1909 973 1977 vir
1005 1905 1302 1998 Manegoldus
1336 1907 1532 2000 prepositos
1568 1905 1720 1975 ecclesie

334 2015 477 2082 nostre,
515 2001 557 2075 ad
594 2025 694 2100 mrem
736 2004 876 2078 collatio
913 2005 1068 2077 eiusdem
1104 2004 1207 2077 cilicii
1242 2009 1376 2077 ratione
1408 2005 1624 2100 prepositure
1659 2023 1721 2076 sue

334 2103 588 2202 herbipolensis
613 2109 788 2198 pertinere
812 2103 1011 2193 dinoscitur,
1040 2103 1081 2175 etl
1107 2124 1231 2199 preces
1258 2115 1396 2176 nostras
1421 2125 1507 2199 pore
1531 2113 1568 2174 et
1582 2103 1719 2196 simpli-

336 2207 423 2278 citer
447 2206 658 2275 renuntiaret
682 2207 770 2290 iure,
794 2204 886 2298 quod
910 2203 1011 2276 hebet
1036 2207 1071 2276 in
1097 2204 1188 2276 dicto
1214 2203 1329 2277 officio
1344 2201 1568 2294 conferendo,
1594 2201 1720 2298 pleoni

337 2301 493 2378 omnihus
519 2303 619 2377 nobis
645 2313 680 2375 et
703 2304 876 2398 singulis,
910 2304 1063 2394 hactus,
1088 2314 1275 2404 prouentus
1312 2313 1347 2375 et
1380 2303 1543 2376 utilitates
1579 2300 1721 2397 predicti

336 2401 442 2476 offleii
467 2401 619 2476 odraus
646 2403 798 2476 ecclesie
823 2414 945 2475 nostre
970 2413 1177 2478 conuertere
1212 2403 1395 2493 meliores,
1429 2405 1611 2500 presertim
1644 2421 1720 2472 curu

334 2525 398 2600 per
424 2501 617 2576 huiusmodi
644 2501 805 2596 officium,
832 2506 862 2575 si
888 2503 990 2575 alicai
1016 2503 1246 2595 conferretur,
1272 2501 1368 2576 nullo
1382 2501 1483 2576 nohis
1498 2505 1532 2574 in
1545 2511 1720 2597 posterum

335 2602 394 2674 nel
419 2601 554 2674 modios
579 2601 707 2675 utilitas
732 2605 944 2698 proueniret,
970 2603 1112 2701 prouida
1138 2603 1386 2677 deliberatione
1402 2623 1504 2698 super
1521 2601 1589 2674 hoc
1607 2600 1721 2676 habits

315 2702 381 2780 .de
406 2723 582 2776 consensu
619 2711 654 2773 et
688 2701 866 2774 uoluntate
901 2703 946 2775 ll.
984 2706 1150 2800 prepositi
1186 2707 1297 2776 nostri
1337 2701 1500 2798 predicti,
1534 2699 1721 2773 accedente

336 2800 577 2876 nichilominus
604 2821 779 2875 consensu
805 2813 839 2876 et
862 2802 1038 2876 uoluntate
1063 2802 1274 2878 venerahilis
1309 2805 1414 2900 patris
1448 2799 1574 2875 domini
1610 2803 1721 2873 nostri

336 2901 543 2975 Bertoldi
556 2903 711 3000 episcopi
726 2899 991 2998 herbipolensis,
1015 2901 1162 2978 officium
1173 2907 1327 2998 magistri
1338 2905 1502 2998 pistorum
1516 2899 1719 2973 antedictum

336 3009 504 3098 perpetuo
530 3001 695 3091 tollimus,
719 3011 756 3073 ct
780 3023 826 3074 ne
852 3000 894 3076 de
921 3011 1038 3075 cetero
1065 3006 1112 3077 sit
1138 3002 1285 3076 cilicium
1319 3013 1375 3075 uut
1408 3005 1563 3097 cuiquam
1591 2999 1718 3073 conie-

336 3107 453 3191 tatnr,
487 3103 663 3174 statuimus
701 3111 736 3172 et
757 3099 951 3192 hrmsmus,
987 3101 1183 3178 abdicantes
1224 3103 1267 3175 dc
1293 3123 1468 3176 consensu
1499 3103 1652 3197 episcopi
1683 3107 1720 3172 ct

337 3201 503 3296 prepositi
529 3199 758 3300 predictorum
785 3223 805 3272 c
830 3200 930 3275 nohis
957 3213 994 3275 et
1016 3206 1203 3300 prepositis
1228 3201 1548 3300 herbipolensibus,
1572 3203 1629 3295 qui
1653 3219 1716 3294 pro

337 3311 494 3394 tempore
519 3297 667 3390 hrorint,
692 3311 897 3396 potestatem
924 3300 1086 3400 deinceps
1112 3302 1304 3376 huiusmodi
1330 3301 1479 3377 officium
1506 3297 1715 3373 conferendi.

337 3399 382 3473 Et
407 3409 443 3470 ut
468 3402 647 3474 innostra
673 3401 823 3475 ecclesia
862 3401 972 3476 cultus
999 3403 1131 3476 diuinus
1157 3402 1297 3476 liberius
1324 3403 1437 3475 ualeat
1463 3402 1642 3488 exerceri,
1676 3397 1719 3470 de

337 3498 514 3572 uoluntate
541 3553 579 3570 ..
607 3502 760 3597 episcopi
787 3511 821 3574 et
845 3505 1012 3598 prepositi
1047 3501 1257 3599 prefatorum
1281 3503 1431 3594 fructae,
1465 3509 1651 3596 prouentus
1685 3507 1720 3570 et

338 3597 501 3672 utilitates
518 3619 745 3695 quascumque
761 3599 870 3674 eidem
885 3601 1000 3675 officio
1013 3607 1194 3675 attinentes
1209 3601 1250 3675 ad
1263 3602 1510 3699 prebendarum
1524 3608 1719 3672 nostrorum

340 3697 526 3772 subsidium
559 3698 777 3793 deputamus,
810 3711 1018 3792 statuentes,
1050 3713 1087 3774 ut
1127 3703 1191 3775 hec
1229 3702 1396 3776 ordinatio
1431 3699 1492 3773 suh
1529 3703 1718 3771 iuramento

339 3797 582 3872 inuiolabiliter
609 3810 779 3889 seruetur,
803 3811 905 3896 prout
930 3803 996 3874 alia
1023 3813 1143 3874 nostra
1168 3813 1291 3875 statmo
1318 3811 1506 3875 seruantur.
1558 3798 1597 3870 ln
1624 3799 1718 3870 cuius

340 3903 393 3970 rei
418 3902 648 3973 testimonium
676 3909 711 3970 et
734 3899 839 3972 robur·
863 3913 1027 3996 perpetue
1052 3900 1218 3976 firmitatis
1244 3913 1425 4000 presentes
1450 3901 1717 3984 litterasnostri,

341 4001 506 4095 episcopi,
533 4009 568 4071 et
592 4003 757 4094 prepositi
784 3999 1053 4097 supradictorum
1079 4003 1203 4096 sigillis
1229 4003 1399 4076 noluimus
1416 4003 1601 4074 munimine
1618 4017 1717 4070 com-
