3774 4728
608 453 827 553 episcopatus
852 449 1146 550 witeburgensis.

719 751 720 755 ‘
754 787 991 868 ccccxvm.

676 993 767 1062 Anno
792 988 896 1076 1265,
920 989 968 1058 14.
992 993 1083 1060 lunii.

179 1181 284 1254 Krato
312 1187 348 1252 et
373 1177 575 1270 Custodes,
600 1180 727 1256 tratres
754 1181 796 1254 de
823 1181 994 1274 Hobinlo,
1033 1201 1120 1277 quos
1147 1178 1282 1273 lringus
1308 1178 1566 1278 herbipolensis

181 1287 364 1380 episcopus
404 1286 439 1354 in
466 1291 664 1357 castrenses
692 1287 795 1356 castri
822 1282 969 1355 Sanctae
996 1281 1126 1354 blariae
1151 1285 1294 1378 recepit,
1320 1286 1500 1376 resignant
1524 1284 1567 1357 dc

181 1383 281 1456 bonis
309 1385 380 1457 suis
407 1381 449 1454 ad
474 1382 594 1454 decem
621 1407 767 1474 marcas,
793 1383 899 1456 Krete
926 1381 1061 1478 quidem
1087 1382 1129 1454 de
1155 1385 1365 1478 proprietate
1391 1407 1452 1456 sua
1479 1385 1566 1479 apud

179 1483 313 1576 Nauna,
339 1481 515 1556 Cunradus
542 1506 630 1556 vero
658 1484 699 1557 de
725 1487 935 1580 proprietate
963 1507 1024 1558 sua
1051 1483 1137 1580 apud
1159 1481 1369 1574 Rolnbusin,
1395 1495 1431 1557 ut
1456 1508 1498 1556 ea
1524 1485 1566 1557 ab

352 1585 503 1658 ecclesia
529 1584 763 1682 herbipolensi
789 1589 823 1660 in
850 1587 1020 1660 castrensi
1045 1583 1148 1658 feodo
1174 1583 1386 1680 possideant.

305 1752 368 1817 Nos
390 1755 425 1816 ll.
452 1761 483 1817 et
505 1755 537 1819 C.
561 1753 670 1819 iratres
694 1755 731 1818 de
753 1754 919 1818 llobinlo
943 1755 1119 1818 conletemur
1140 1761 1275 1838 presenti
1297 1761 1409 1838 scripto
1433 1765 1463 1818 et
1484 1776 1564 1820 con-

178 1843 259 1900 stare
281 1844 417 1920 cupimus
439 1845 601 1922 uniuersis,
623 1842 703 1922 quod
727 1861 794 1905 cum
815 1842 996 1906 venerabilis
1013 1842 1152 1906 dominus
1168 1849 1272 1906 noster
1287 1841 1445 1926 lringus
1458 1842 1565 1906 berbi-
1586 1835 1592 1862 ‘

178 1925 310 2006 polensis
332 1931 492 2010 episcopus
514 1947 569 1992 nos
591 1933 743 2009 reciperet
764 1935 795 1990 in
819 1936 992 1992 castrenses
1018 1934 1108 1992 castri
1131 1935 1268 1991 sancte
1289 1928 1413 1990 llario
1436 1937 1466 1992 et
1481 1929 1565 1992 daret

178 2011 264 2072 nobis
287 2012 430 2076 ducentas
453 2033 569 2078 marcas
593 2021 708 2098 argenti
731 2035 785 2098 pro
808 2020 957 2078 castrensi
973 2015 1073 2094 tendo,
1096 2033 1151 2096 pro
1167 2015 1275 2095 quibus
1292 2013 1339 2076 GC
1354 2021 1462 2078 mareis
1476 2022 1564 2080 vter-

177 2115 236 2176 que
259 2106 393 2161 nostrum
416 2099 561 2164 debonis
584 2107 647 2164 suis
670 2107 799 2182 propriis
816 2108 974 2184 resignare
997 2101 1087 2163 debet
1103 2101 1324 2176 adearcas3
1348 2119 1408 2184 ego
1424 2099 1565 2165 videlicet

175 2183 208 2246 ll.
233 2183 272 2245 de
294 2191 475 2267 proprietate
498 2207 564 2248 mea
598 2187 675 2268 apud
698 2188 843 2265 Nauna,
878 2195 926 2250 set
959 2207 1018 2270 ego
1043 2188 1075 2248 C.
1108 2187 1147 2248 de
1180 2191 1363 2268 proprietate
1394 2207 1461 2250 mea
1496 2197 1566 2270 aput

175 2269 393 2333 Bolnbvsin
424 2280 455 2334 et
489 2291 524 2334 ea
558 2273 594 2336 ab
626 2274 757 2336 ecclesia
788 2273 990 2354 herbipolensi
1023 2278 1053 2333 in
1084 2278 1232 2348 castrensi
1264 2270 1354 2334 feodo
1387 2274 1565 2354 possidere;

174 2360 367 2420 astrinximus
390 2377 446 2420 nos
469 2363 606 2421 seruiciis
639 2357 708 2420 dicti
732 2359 842 2420 domint
875 2364 1007 2440 episcopi
1043 2365 1073 2419 et
1102 2359 1235 2421 ecclesie
1270 2377 1325 2420 sue
1357 2365 1564 2439 promittentes

175 2441 234 2504 lide
257 2443 324 2504 deta
349 2451 379 2506 et
399 2449 566 2508 iuramento
588 2449 729 2525 prestito,
763 2443 844 2528 quod
876 2445 912 2506 ad
944 2450 1034 2506 vitam
1065 2450 1197 2506 nostram
1232 2445 1357 2506 consilio
1392 2453 1422 2507 et
1453 2447 1564 2509 auxillo

174 2535 312 2609 potenter
348 2537 378 2591 et
406 2537 542 2612 patenter
571 2530 739 2592 locabimus
767 2535 865 2612 ipsum
897 2529 1047 2594 dominum
1079 2537 1215 2594 nostrum
1249 2534 1424 2612 episcopum
1458 2538 1563 2594 contra

172 2613 337 2695 quemlibet
358 2616 510 2678 bominem
544 2622 680 2698 excepb's
710 2621 945 2698 consanguineis
967 2621 1077 2692 orestis
1099 2619 1295 2697 propinquis,
1329 2616 1415 2678 saluo
1447 2615 1564 2680 bonore

173 2707 279 2764 nostro
303 2709 333 2764 et
354 2707 525 2766 nominatim
549 2710 651 2766 contra
673 2703 790 2768 nobiles
814 2701 950 2766 dornirms
974 2707 1098 2766 comites
1121 2701 1160 2766 de
1183 2698 1460 2786 llennenberg,
1484 2707 1514 2764 et
1537 2709 1564 2768 si

173 2787 303 2850 voluerit
324 2788 539 2872 et·indr·guertt
562 2796 663 2852 contra
687 2794 798 2852 ciues
820 2784 1149 2870 lrerbipolenses.
1193 2787 1352 2849 Faciemns
1377 2793 1465 2850 etiam
1479 2793 1563 2850 resi-

174 2873 304 2937 dentiam
325 2879 356 2938 in
379 2881 510 2938 castro
533 2881 669 2938 sancte
689 2876 804 2938 blarie
827 2891 895 2936 enm
918 2879 1036 2960 triginta
1051 2874 1209 2939 dextrariis
1225 2873 1387 2954 phaleratis
1411 2882 1441 2935 et
1456 2870 1563 2938 decem

171 2959 330 3022 balistariis
343 2965 373 3022 in
388 2966 515 3042 propriis
528 2967 682 3042 expensis,
706 2957 948 3042 quandocunque
964 2963 993 3021 et
1009 2965 1269 3041 quotienscunque
1286 2977 1413 3022 necesse
1428 2959 1565 3024 babuerit

174 3044 313 3108 dominus
336 3054 440 3110 noster
471 3052 631 3129 episcopus
665 3053 695 3108 et
724 3048 854 3109 ecclesia
871 3061 951 3110 sua.
997 3049 1036 3108 Et
1068 3053 1181 3110 edmus
1213 3065 1334 3127 semper
1367 3052 1497 3129 expositi
1532 3055 1563 3112 et

171 3136 266 3213 parati
288 3131 327 3194 ad
349 3133 490 3196 aurdlium
513 3152 598 3196 snum
622 3138 710 3196 etiam
732 3152 799 3196 cum
821 3138 890 3195 totis
912 3133 1036 3212 viribus,
1061 3139 1086 3196 si
1109 3151 1161 3196 res
1184 3137 1325 3216 exegerit
1347 3140 1450 3196 contra
1477 3138 1562 3198 ciues

173 3223 204 3277 et
227 3214 365 3282 dominos
389 3219 427 3280 de
449 3217 714 3304 Hennenberg
737 3225 920 3301 prenotatos
964 3217 1013 3280 Ad
1035 3219 1092 3295 bec
1115 3237 1171 3282 nos
1194 3213 1249 3300 per
1264 3226 1429 3299 presentes
1446 3221 1562 3284 liberas

171 3303 349 3387 obligamus.
393 3305 570 3368 Econuerso
591 3311 727 3387 promisit
749 3305 834 3368 rrobis
857 3305 936 3367 idem
958 3303 1095 3370 dominus
1118 3310 1277 3386 episcopus
1293 3312 1323 3366 et
1337 3309 1456 3384 iurauit,
1480 3307 1562 3386 quod

170 3391 284 3452 iuuabit
306 3409 363 3453 nos
386 3400 491 3455 contra
515 3393 679 3472 quemlibet
701 3393 860 3469 bcnnnem,
884 3391 931 3452 vbi
955 3409 1024 3452 cum
1045 3391 1160 3454 honore
1182 3396 1312 3472 potuerit
1333 3397 1364 3452 et
1386 3395 1561 3455 nominatim

172 3483 276 3541 contra
298 3476 428 3540 nobilem
451 3483 546 3540 vnum
568 3477 718 3542 dominum
750 3479 783 3540 L.
807 3483 946 3540 comitem
969 3475 1007 3538 de
1030 3476 1221 3562 Otingen,
1255 3481 1280 3538 si
1315 3495 1440 3540 seruare
1473 3475 1560 3540 nobis

171 3563 302 3626 noluerit
324 3570 354 3626 et
376 3565 414 3626 de
436 3564 522 3629 nobis
555 3569 692 3645 accipere
718 3567 836 3626 iusticie
858 3568 1021 3624 racionem,
1064 3563 1158 3625 Etiam
1191 3567 1216 3625 si
1251 3568 1413 3626 occasione
1448 3563 1560 3642 auxilii,

173 3645 253 3730 quod
276 3645 373 3712 eidem
395 3649 514 3712 domitto
538 3657 641 3712 nostro
664 3647 873 3732 prestabimus,
895 3654 1117 3711 incurreremus
1140 3653 1314 3711 inimicicias
1330 3651 1455 3729 aliquas,
1479 3649 1561 3729 quod

174 3735 282 3797 nullam
306 3741 556 3818 composicionem
581 3736 731 3815 admittet,
764 3737 819 3797 nisi
851 3733 889 3796 de
911 3739 1013 3796 nostro
1044 3735 1170 3797 consilio
1204 3741 1234 3796 et
1266 3753 1342 3814 quas
1370 3740 1559 3798 incurremus

172 3825 328 3884 lnimicicie
351 3828 509 3904 sopiantur.
545 3822 703 3904 Expensas
726 3826 823 3899 etiarn,
839 3825 865 3883 si
881 3839 956 3901 quas
968 3818 1139 3883 laceremus
1152 3826 1182 3893 in
1197 3820 1284 3883 buius
1299 3825 1431 3884 seruicia
1446 3839 1559 3904 manes

174 3913 205 3968 et
224 3913 428 3990 reciperemus
455 3907 583 3989 dampna
611 3909 714 3970 forsan
743 3911 869 3991 grauia,
898 3906 984 3972 nobis
1007 3906 1147 3970 refundet
1169 3906 1206 3971 ad
1240 3908 1397 3978 consilium
1430 3913 1559 3987 quatuor

172 4012 465 4084 personarumque
488 3995 604 4060 adhoc
627 3998 779 4061 nominate
801 4000 878 4072 sunt,
900 3992 1041 4058 videlicet
1063 3991 1174 4056 domini
1201 3993 1286 4056 Ber.
1315 3993 1420 4059 decurri
1450 3993 1558 4058 herbi-

173 4080 318 4170 polensis,
339 4081 395 4162 Al.
419 4081 457 4164 de
479 4079 707 4166 Vltinbeirn,
728 4079 763 4150 ll.
787 4079 826 4146 dc
848 4079 1127 4161 Scwiusheim‚
1150 4086 1181 4142 et
1202 4077 1251 4143 W.
1276 4079 1314 4150 dc
1337 4077 1556 4148 Grumbahc.

200 4211 251 4255 lon.
266 4211 319 4254 tote.
335 4211 379 4253 tot.
403 4201 490 4254 mitt.
504 4219 550 4256 nor·
564 4211 611 4256 cett.
625 4209 650 4257 t,
1177 4165 1226 4242 54
