3794 4722
601 419 818 512 episcopatus
842 414 1140 507 wirciburgensis.
1495 413 1566 486 145

284 617 374 690 Aeta
402 627 481 690 sunt
506 617 571 690 bec
596 639 684 688 anno
712 615 881 688 dominice
907 617 1150 688 incarnationis
1175 611 1235 684 ab·
1261 612 1314 684 0⁰·
1340 612 1569 704 txxvtttlo,

184 718 370 792 indictione
396 716 502 806 Xllfl,
541 721 729 811 imperante
754 715 930 788 Friderico
958 715 1213 806 gloriosissimo
1238 713 1470 786 Romanorum
1500 717 1570 786 im·

183 828 345 914 peratore
372 828 407 888 et
434 839 571 912 semper
591 827 750 910 augusto,
776 813 971 888 Reiubardo
988 813 1283 906 wirceburgensis
1300 813 1451 886 ecclesie
1471 817 1569 908 epis-

182 941 271 1014 eopo
299 921 485 1003 existente,
508 917 674 1011 Boppoue
700 919 835 988 comite.

285 1015 489 1090 Confirmata
504 1039 590 1090 uero
610 1026 688 1090 sunt
702 1015 767 1088 hec
783 1015 902 1088 eadem
919 1036 1008 1086 auno
1028 967 1225 1086 dominiM0·
1243 1012 1298 1086 (3⁰-
1310 1011 1570 1103 Lxxxvtsslo,

182 1117 370 1192 indictione
397 1113 480 1186 Vllt
490 1121 714 1211 ,imperante
743 1115 867 1188 eodem
893 1114 1068 1188 Friderico
1106 1113 1360 1206 gloriosissimo
1388 1113 1570 1186 Romano-

182 1240 256 1290 rum
284 1223 512 1312 imperatore,
545 1226 712 1309 regnante
740 1226 850 1286 autem
877 1215 1027 1286 Heurico
1054 1236 1139 1307 rege
1166 1213 1417 1302 illustrissimo,
1451 1236 1571 1288 mense

181 1317 307 1413 Aprili,
334 1339 423 1388 anno
451 1317 679 1411 expeditionis
706 1326 825 1388 contra
852 1315 1067 1388 Sarracenos
1092 1318 1212 1408 primo.

394 1515 530 1600 Sigillum
553 1513 705 1578 Godeiridi
728 1519 905 1596 impressum
928 1518 1038 1594 optime
1061 1521 1272 1576 conservatum
1300 1512 1393 1576 adest.

808 1916 810 1920 ’
848 1957 912 2030 οι.

711 2156 794 2218 Circa
821 2177 929 2219 aurnum
958 2155 1047 2220 1189.

119 2359 124 2372 “
183 2343 350 2416 Testante
377 2341 528 2435 collegio
557 2347 664 2414 sancti
679 2343 802 2415 Killani
812 2341 961 2414 ludaeus
980 2341 1118 2413 Samuel
1129 2363 1241 2412 aream
1259 2339 1423 2434 quandam
1435 2341 1570 2412 Wirci-

180 2442 295 2538 burgi,
322 2448 355 2514 in
382 2465 446 2538 qua
474 2442 607 2514 domum
636 2441 847 2532 aedificavit,
882 2441 991 2514 eidem
1019 2442 1119 2513 tradit
1145 2444 1216 2528 sic,
1252 2451 1288 2510 ut
1322 2439 1490 2512 haeredes
1518 2445 1570 2512 sui

466 2542 609 2615 eandem
636 2565 721 2636 erga
748 2565 892 2614 annuum
920 2565 1059 2614 censum
1086 2540 1294 2636 possideant.

286 2713 324 2785 0.
377 2715 414 2786 ln
439 2719 577 2788 nomine
606 2725 724 2786 sancte
751 2726 785 2787 et
812 2713 984 2786 indiuiduo
1013 2717 1180 2786 trinitatis.
1233 2713 1426 2806 Collegium
1462 2719 1572 2787 saneti

181 2813 308 2886 Kiliani
336 2813 378 2884 de
405 2813 517 2888 domo.
570 2813 775 2888 Prudentem
809 2815 971 2887 sollercia
999 2814 1125 2888 salubri
1153 2817 1458 2908 circumspectione
1480 2837 1571 2887 eon-

187 2918 324 3000 sueuit,
361 2913 450 2985 iacta
486 2917 727 2988 modernorum
764 2920 934 2987 autentico
974 2917 1140 3010 scripture
1184 2913 1345 3006 saliragio
1382 2919 1572 3010 posteritati

182 3017 435 3104 bansmittcre,
468 3037 512 3088 ne
541 3015 668 3088 obliuio
693 3019 872 3087 uetustatis
900 3019 933 3086 in
959 3017 1042 3108 ipsis
1070 3023 1215 3108 generet
1241 3013 1469 3102 dubietatem,
1506 3037 1572 3088 nec

182 3111 275 3186 liuor
302 3113 545 3190 contenciosus
572 3120 606 3189 in
634 3119 840 3188 contrarium
865 3118 1043 3209 quicquam
1068 3135 1262 3209 preponere
1287 3115 1344 3186 uel
1371 3114 1492 3188 audeat
1511 3115 1569 3188 uel

182 3217 297 3308 possit
322 3213 531 3288 adinuenire.
583 3215 634 3288 Ea
660 3227 800 3311 propter
825 3225 941 3290 notum
968 3237 1050 3286 esse
1077 3213 1234 3286 uolumus
1262 3224 1328 3286 tam
1354 3215 1570 3309 presentibus

183 3335 282 3407 quarn
311 3313 559 3408 postfuturis,
593 3316 738 3410 qualiter
764 3315 891 3388 Judeus
925 3313 1057 3409 quidam
1083 3318 1222 3388 nomine
1250 3311 1428 3386 Samuel
1455 3335 1570 3388 aream

184 3411 365 3507 quandam,
391 3418 490 3486 sitam
516 3437 626 3510 prope
652 3418 778 3488 curiam
804 3415 1012 3488 Heinriei
1039 3413 1176 3488 sculteti
1203 3417 1352 3486 senioris
1375 3424 1411 3486 et
1434 3413 1570 3486 domum

181 3511 282 3585 Uiui
309 3512 420 3603 Judai,
446 3515 724 3587 aFriderieo
752 3514 794 3586 de
819 3515 1012 3588 Kuliese
1039 3525 1197 3586 etuxore
1224 3517 1298 3586 eius
1324 3512 1441 3586 ltisa
1468 3537 1570 3586 com-

183 3616 328 3706 parauit,
355 3613 577 3688 mediantibus
605 3615 897 3688 salemanoissuis
922 3615 1098 3687 Botone
1124 3617 1165 3684 in
1191 3613 1217 3684 F
1229 3635 1307 3686 oro
1334 3623 1369 3684 et
1395 3611 1571 3706 Ottone,

181 3711 289 3784 fratre
315 3713 530 3803 Arnonis,
557 3726 592 3786 et
617 3713 932 3804 Erkenboldo,
957 3719 991 3786 in
1026 3737 1090 3808 qua
1126 3711 1261 3784 domum
1296 3712 1474 3786 edifieauit.
1526 3715 1571 3788 Et

181 3835 225 3886 ne
254 3813 396 3888 alieuius
423 3815 642 3908 malignantis
666 3818 804 3888 auersio
830 3814 945 3886 ualeat
970 3814 1036 3886 boc
1061 3811 1245 3902 infirmare,
1271 3817 1338 3884 iam
1365 3811 1474 3886 dietus
1500 3815 1568 3888 Ju-

182 3911 269 3986 deus
297 3914 514 4007 quorumdam
542 3919 729 3991 amicorum
756 3937 894 3988 suorum
922 3913 1067 3986 consilio
1097 3917 1204 4007 ipsam
1225 3935 1341 3986 aream
1366 3935 1428 4008 per
1452 3935 1569 3990 manus

183 4013 415 4107 predictorum
450 4015 723 4094 salemannorum
759 4025 879 4090 sancto
904 4014 1052 4110 Kyliano
1079 4011 1299 4104 contradidit,
1341 4035 1383 4084 ea
1409 4013 1571 4088 uidelicet

207 4157 258 4195 flou.
273 4155 324 4195 Boia.
340 4156 381 4194 vol.
396 4156 483 4198 mvii.
497 4167 542 4198 ner.
557 4157 604 4201 coll.
619 4159 641 4200 Ι.
1192 4113 1236 4185 19
