3774 4728
552 437 769 536 episcopatus
795 437 1092 536 wirciburgensis.
1451 449 1524 524 339

140 635 305 716 ubicunque
326 636 457 702 uoluerit
478 655 611 720 manere,
634 643 732 704 omnio
753 640 887 722 predicta
910 640 965 706 sibi
987 645 1085 724 usque
1107 643 1146 707 ad
1167 650 1293 708 mortem
1315 647 1528 713 inuiolabiliter

4 761 5 764 ,
140 727 199 784 rata
221 722 390 788 manebunt.
432 723 470 788 Et
491 731 523 788 ut
544 723 601 788 bec
624 724 767 790 brrnltatis
789 727 882 790 robur
905 727 1067 808 obtineant,
1089 737 1262 812 presentem
1297 735 1440 798 cmtulam
1463 754 1523 798 ex·-

4 815 5 818 ’
140 805 205 868 inde
228 813 427 890 conscriptam
449 809 615 894 sigillorum
638 816 733 876 nostri
749 819 780 874 et
794 811 940 896 sepedicti
957 816 1078 896 capituli
1093 822 1186 880 nostri
1201 821 1344 882 iussimus
1362 824 1523 886 munimine

4 933 6 978 ,
140 892 279 956 roborant.
321 893 431 959 Actum
452 895 666 980 erzeburgb,
689 915 767 962 auno
790 895 901 962 denunt
916 897 963 962 bb·
976 897 1283 986 ccv-quadragesimo
1299 922 1390 984 nono,
1414 925 1520 972 mense

4 1007 5 1040 r
142 977 284 1060 Octobris,
307 979 469 1044 indictione
489 981 593 1063 vute,
615 981 803 1064 pontificatus
826 989 920 1050 nostrl
941 1003 1019 1050 anno
1042 991 1187 1052 vicesimo
1210 993 1323 1072 quinto.

344 1147 449 1234 Slptlla
471 1149 554 1214 laesa
575 1145 753 1232 appendent

345 1261 463 1326 ilditunr
493 1268 523 1327 ln
552 1261 664 1348 Jaegor
689 1263 865 1328 Gescblchto
888 1263 1111 1330 Frontoniands
1132 1263 1178 1330 111.
1212 1283 1281 1348 pag.
1304 1263 1368 1331 408
1388 1267 1439 1333 Nr.
1462 1267 1521 1351 111,

349 1354 379 1412 ct
399 1353 431 1412 in
452 1348 613 1414 Becbsteln
635 1347 817 1416 Gescblcbte
839 1351 902 1419 und
925 1349 1073 1418 Gedtcbte
1095 1359 1153 1417 eto.
1175 1369 1204 1436 p.
1230 1348 1292 1416 170
1311 1354 1362 1421 Nr.
1388 1351 1436 1420 17.

779 1773 907 1852 00011.

579 1975 667 2041 Auno
693 1973 795 2072 1249,
818 1973 869 2042 20.
891 1975 1075 2041 Decembris.

4 2221 5 2234 .
142 2159 319 2234 lleinricus
346 2162 513 2256 spirensis
540 2161 692 2254 electus,
719 2162 905 2257 imperialis
944 2163 1043 2236 aulae
1070 2163 1317 2258 cancellarius,
1354 2173 1523 2236 executor

140 2282 157 2329 a
182 2259 269 2332 sede
295 2261 487 2356 apostolico
515 2265 733 2353 constitutus,
760 2261 802 2333 ad
827 2261 1017 2334 mandatum
1044 2262 1233 2335 iunocentii
1259 2285 1367 2359 papae
1393 2263 1449 2336 lV.
1478 2266 1521 2336 de

139 2359 214 2432 dato
243 2360 444 2454 „Lugduni,
470 2360 542 2434 Vll.
569 2361 734 2433 kalendas
762 2359 974 2457 Septembris
1001 2363 1076 2458 [26.
1104 2363 1269 2457 Augusti]
1305 2362 1518 2458 pontificatus

139 2481 227 2531 anno
254 2464 425 2555 septimo“
451 2464 594 2557 iniungit
620 2461 768 2558 capitulo
801 2463 941 2532 meionis
979 2461 1152 2536 ecelesiae
1178 2461 1449 2558 herbipolensis,
1482 2473 1520 2534 ut

138 2559 366 2632 Wernberam
394 2560 436 2632 de
461 2560 645 2634 Horneclre
671 2563 870 2634 canonicum
898 2564 1088 2658 spirensem
1122 2565 1157 2634 in
1184 2564 1383 2634 canonicum
1424 2571 1459 2634 et
1484 2564 1519 2634 ln

673 2661 810 2734 fratrem
838 2664 989 2757 recipiat.
1099 2723 1103 2730 .
1437 2675 1445 2685 ·

237 2830 278 2902 Η.
318 2831 373 2904 dei
411 2834 521 2925 graba
555 2833 721 2928 spirensis
748 2831 903 2923 electus,
938 2833 1124 2930 imperialis
1165 2832 1243 2906 aule
1278 2832 1518 2908 cancellarius.

4 2971 5 2974 π
141 2941 351 3004 executore
379 2932 465 3006 sede
491 2932 681 3028 apostolica
709 2933 925 3006 constitutus.
977 2931 1243 3008 Honorabilibus
1270 2944 1305 3006 et
1321 2937 1356 3006 in
1383 2931 1519 3006 Christo

140 3031 272 3104 dilectis
299 3031 496 3106 dominis..
524 3032 655 3104 decano
691 3042 727 3103 et
760 3032 908 3128 capitulo
942 3037 1081 3108 maioris
1110 3033 1262 3108 ecclesie
1288 3033 1518 3128 erbipolensis
1638 3100 1640 3106 .

139 3131 282 3202 salutem
317 3143 352 3204 et
377 3136 545 3206 sinceram
579 3135 614 3205 iu
640 3131 777 3206 domino
806 3135 992 3206 carimtem.
1044 3133 1235 3209 Mandatum
1270 3131 1396 3206 domini
1430 3157 1518 3230 pape

4 3329 6 3358 ,
138 3234 329 3326 recepimus
355 3235 389 3306 in
415 3232 480 3304 boc
504 3232 628 3305 verba:

238 3330 560 3423 ,innocentius
587 3337 769 3428 episeopus
797 3355 920 3406 seruus
937 3355 1115 3408 seruorum
1142 3333 1197 3414 dei
1223 3333 1349 3408 dilecto
1375 3332 1445 3406 filio
1473 3387 1515 3404 ..

140 3433 252 3506 electo
279 3435 427 3528 spirensi
454 3433 597 3506 salutem
625 3443 661 3505 et
685 3433 908 3528 apostolicam
937 3433 1222 3506 benedictionem.
1274 3433 1377 3506 Grata
1404 3434 1517 3508 deuo-

140 3542 249 3604 torum
277 3531 440 3628 obsequia
467 3543 545 3607 sunt
569 3531 793 3606 retributione
819 3537 964 3628 gratuita
991 3534 1256 3629 compensanda,
1282 3545 1318 3606 ut
1344 3533 1386 3606 ad
1404 3538 1517 3628 groti-

141 3633 263 3706 tudinis
290 3656 393 3729 opera
419 3636 648 3730 promptiores
675 3633 845 3727 gaudeant
869 3635 1025 3706 inueniri.
1077 3635 1165 3708 Hinc
1190 3646 1254 3724 est,
1283 3633 1373 3728 quod
1390 3633 1517 3705 dilecto

140 3731 208 3806 lilio
234 3733 484 3808 Wernbero
511 3733 554 3806 do
579 3733 799 3824 Horneke,
826 3737 993 3806 canonico
1021 3737 1183 3830 spirensi,
1209 3738 1264 3830 qui
1291 3737 1379 3808 siout
1402 3737 1516 3808 caris-

4 3883 5 3888 ,
142 3836 226 3906 simo
253 3837 287 3906 in
314 3833 449 3908 Christo
483 3833 553 3906 lilio
586 3845 708 3908 nostro
734 3834 971 3906 Willelmo
1010 3857 1097 3928 rego
1122 3836 1352 3908 Rornanorum
1392 3835 1518 3908 illustri

142 3955 215 4005 curn
241 3933 488 4031 supplicatione
513 3937 688 4008 intimante
715 3937 907 4030 accepimus
940 3933 1003 4031 pro
1040 3957 1080 4010 se
1111 3958 1154 4006 ao
1187 3957 1269 4010 euos
1304 3939 1337 4008 in
1366 3934 1517 4007 ecclesie

4 4031 5 4104 l
140 4037 295 4130 negociis
321 4033 431 4110 tidelis
457 4039 615 4110 inuentus
641 4045 696 4108 est
727 4045 762 4110 et
787 4034 952 4132 deuotus,
978 4039 1122 4131 gratiam
1147 4035 1264 4110 lacere
1289 4034 1517 4124 intendentes,

1112 4134 1187 4208 43*
