3794 4722
349 440 422 516 11⁰
821 459 823 472 ·
904 435 1122 512 llornmontr

342 640 476 731 noeane
514 658 591 710 oum
622 639 708 734 ipsis
741 637 845 712 bonis
883 639 998 733 quieto
1021 645 1058 710 et
1082 637 1159 712 sine
1185 634 1278 708 omri
1303 631 1490 730 moenita
1514 631 1720 731 possideret

342 738 500 814 Prolatus
525 757 611 811 uero
634 737 823 818 Wanalo
848 735 935 812 (loos
960 758 1102 811 mansos
1128 735 1172 808 de
1198 731 1329 808 eisdem
1361 734 1462 812 bonis
1489 755 1662 810 eonsenen
1687 744 1724 808 et
1802 773 1811 780 —

343 840 518 913 uoluntate
556 836 678 910 deceni
715 848 751 910 et
784 839 934 911 omnium
967 836 1108 910 fratrum
1143 836 1356 932 episcopatui
1390 845 1512 911 nostro
1536 834 1722 929 delegauit,

343 959 430 1036 quos
454 957 521 1012 nos
545 937 701 1034 predioto
717 936 850 1011 urbano
866 937 982 1010 eomiti
1004 957 1069 1032 pro
1096 937 1406 1031 reconpensatione
1431 935 1606 1040 aduooatip
1631 957 1736 1009 oon-.

343 1040 524 1128 cessimus,
549 1048 586 1112 ut
605 1037 762 1134 proferto
785 1035 1020 1116 huiuscemodi
1035 1045 1231 1110 eontraotus
1248 1045 1341 1110 tanto
1355 1035 1558 1110 ualidiorem
1581 1044 1618 1108 et
1643 1043 1722 1110 stn-

342 1139 502 1213 biliorem
526 1135 717 1212 firmitatem
742 1141 937 1226 sortiretur,
962 1145 1088 1231 quanto
1115 1137 1434 1232 recompensatione
1461 1146 1497 1210 et
1520 1133 1721 1209 oouoambio

343 1239 486 1316 duorum
520 1259 716 1310 mansorum
752 1239 862 1311 omnis
897 1239 1037 1310 oooasio
1070 1233 1254 1332 repetendo
1287 1234 1465 1330 aduocatie
1487 1238 1522 1310 in
1546 1245 1722 1331 posterum

342 1339 533 1412 tolleretur.
584 1337 670 1425 Quia
694 1338 797 1430 igitur
823 1339 934 1410 omnis
960 1335 1026 1408 hee
1049 1357 1108 1409 res
1134 1333 1311 1408 bonafide
1337 1346 1372 1408 et
1397 1341 1487 1410 iusto
1512 1335 1610 1409 titulo
1633 1358 1721 1432 par-

341 1441 509 1512 missione
535 1438 636 1509 etiam
660 1446 696 1509 et
721 1436 897 1510 uoluntate
923 1439 1071 1509 nmmum
1095 1435 1256 1526 illorum‚
1296 1458 1439 1532 quorum
1471 1459 1534 1512 sum
1559 1439 1724 1509 intererat

343 1535 592 1611 rationabiliter
617 1546 673 1608 est
696 1546 891 1632 perpetrato
918 1546 953 1609 et
977 1536 1194 1611 sollemniter
1218 1544 1464 1628 consummata,
1489 1535 1627 1634 dignum
1654 1534 1721 1608 du-

342 1641 455 1711 ximus
479 1638 651 1731 presentis
675 1639 799 1732 pagine
826 1639 952 1710 seriem
979 1635 1085 1730 sigilli
1109 1637 1219 1708 nostri
1245 1638 1473 1731 impressione
1506 1639 1656 1731 signari,
1686 1645 1723 1708 nt

342 1735 508 1810 videlieet
529 1744 623 1809 tanto
648 1746 745 1809 esset
770 1734 813 1808 arl
827 1735 1057 1809 reuocandum
1076 1733 1258 1826 diffieilior,
1283 1746 1408 1830 quanto
1421 1739 1589 1810 niteretur
1602 1735 1721 1808 multi-

343 1835 445 1910 moda
469 1833 625 1908 firmitate
650 1833 817 1910 stabilior.
855 1836 1053 1932 Quicunque
1077 1855 1164 1908 nero
1191 1845 1401 1910 contrartum
1420 1837 1511 1910 hono
1524 1847 1592 1910 tum
1609 1838 1721 1909 ratio-

342 1935 502 2010 nabiliter
526 1944 595 2006 tam
621 1933 803 2009 sulubriter
827 1933 1016 2029 perfeetum
1042 1955 1221 2031 perperam
1249 1946 1447 2010 eonmntma
1476 1946 1533 2010 aut
1552 1935 1723 2010 infirmare

343 2045 402 2108 rut
426 2043 602 2132 postremo
615 2055 751 2130 quoquo
764 2035 866 2107 modo
882 2033 1018 2108 uiolare
1030 2037 1290 2131 presumpserit,
1314 2015 1503 2132 lpostoliop
1517 2058 1722 2110 exeommu-

342 2135 524 2210 nicationis
557 2145 593 2208 et
623 2137 734 2208 nostri
768 2134 989 2209 anathematis
1024 2131 1162 2206 uinculo
1198 2157 1238 2208 se
1270 2158 1340 2209 non
1365 2136 1493 2210 dubitet
1516 2137 1723 2211 innodatum.

343 2235 470 2310 Testes
484 2241 580 2308 sunt:
606 2231 803 2308 Goteiridus
823 2234 1010 2330 imperialis
1031 2233 1107 2326 sulp
1123 2233 1350 2310 cancellarius
1366 2247 1402 2310 et
1419 2239 1559 2311 maioris
1575 2237 1723 2332 enclesis

343 2335 559 2433 prepositus,
595 2333 736 2408 Persius
771 2331 942 2425 decanus,
979 2332 1145 2408 Albertus
1182 2344 1321 2428 eustos,
1357 2335 1553 2412 Goteiridus
1591 2347 1722 2428 cantor,

345 2432 540 2508 Gotefridns
574 2434 800 2524 scolasticus,
835 2428 1010 2508 (liutadus
1045 2433 1269 2527 cellerarius,
1307 2441 1501 2534 preposilus
1527 2435 1723 2528 Bertoldus‚

343 2535 524 2608 lleinrious
549 2533 745 2624 Uaramus,
769 2531 987 2608 Eberhardus
1013 2531 1056 2605 de
1081 2533 1275 2624 Marmore,
1310 2547 1404 2628 ceter
1424 2591 1555 2610 ......
1608 2537 1720 2610 Leioi:

344 2633 570 2729 Manegolrlus
593 2632 636 2707 tle
651 2631 827 2706 'lunodorl
849 2645 884 2706 et
910 2632 967 2726 lilij
994 2635 1069 2705 eius
1082 2631 1308 2728 Manegoldus
1334 2647 1370 2708 et
1382 2637 1577 2728 Beroaldus,
1601 2637 1721 2734 Boppo

344 2733 572 2808 etlleinrieus
594 2731 863 2825 de'lrimberolr,
887 2733 967 2805 (lito
981 2785 1140 2805 .......
1166 2734 1324 2830 Wipielip
1349 2737 1532 2814 Heinrious
1556 2737 1721 2812 setrltetus

345 2843 381 2908 ot
405 2831 495 2907 illius
520 2853 603 2907 suns
627 2831 819 2906 Heinrious.
871 2833 960 2906 Aeta
997 2853 1087 2907 anno
1122 2832 1288 2927 dominico
1319 2839 1561 2912 incarnationis
1585 2838 1646 2910 ppo.
1659 2837 1713 2910 Ge

344 2931 495 3006 LXXX0·
524 2932 707 3006 indietione
731 2931 851 3026 iiiito,
886 2943 1053 3029 regnante
1088 2933 1224 3009 domino
1250 2935 1434 3012 Frederieo
1460 2938 1720 3034 gloriosissimo

343 3033 578 3108 Romanorum
605 3035 820 3131 imperatore.

555 3233 651 3320 sigilli
671 3235 809 3318 inpressi
830 3251 902 3318 pars
923 3233 1042 3302 dimidia
1064 3239 1161 3318 perlit.
