3774 4728
596 445 814 542 episcopatus
840 440 1135 538 wirciburgensis.
1493 442 1564 528 tot

181 639 220 718 B.
248 640 292 721 dc
316 637 660 742 lior·hcrsherp‚
687 697 720 716 ..
748 640 791 718 dc
816 641 1067 736 Hurnheirm
1092 643 1192 720 Aru.
1220 643 1264 723 de
1289 644 1568 744 Vssinlreim,

181 737 294 816 Wol.
321 741 364 831 de
389 739 496 833 Lina
529 739 645 818 taliter
679 741 894 834 ordinamus,
931 743 1022 839 quod
1058 769 1079 818 a
1114 747 1273 842 proximo
1298 745 1390 820 festo
1414 746 1567 842 panthe-

182 853 300 918 coetos
327 841 370 929 ud
386 837 568 923 biennium
592 841 775 918 manebunt
800 845 835 916 in
861 843 968 920 scolis
996 854 1033 918 et
1057 855 1137 918 tunc
1162 854 1241 919 sunt
1265 847 1341 921 sine
1356 849 1447 919 omni
1462 849 1567 943 inpe-

182 937 332 1016 dimento
359 953 395 1016 et
419 939 688 1018 contradictione
715 941 864 1039 qualibet
890 947 1111 1041 emancipati,
1146 955 1181 1018 et
1204 947 1340 1040 priores
1367 950 1569 1044 emancipati

182 1041 319 1118 stabunt
358 1065 435 1135 cum
474 1043 694 1138 sequentibus
721 1043 801 1118 locu
828 1066 904 1120 suo.
954 1044 1119 1118 Preterea
1156 1045 1413 1121 denominamus
1450 1045 1488 1119 0.
1526 1045 1569 1120 de

177 1141 443 1238 torciurg,
476 1141 589 1218 Wer.
620 1145 662 1220 de
689 1143 1013 1240 Tannenberg‚
1043 1199 1077 1218 ..
1104 1144 1146 1219 de
1170 1143 1415 1235 Baetheim,
1448 1145 1567 1226 Hert.

182 1241 226 1316 de
251 1241 589 1338 Helderungen‚
614 1245 652 1318 L.
673 1243 716 1318 de
738 1243 998 1340 llo'hinburg
1024 1255 1059 1318 et
1086 1300 1120 1318 ..
1148 1243 1190 1318 dc
1209 1245 1403 1319 Dassele
1431 1246 1569 1344 capituli

181 1343 308 1419 iratres
335 1365 431 1438 esse,
455 1341 515 1416 tali
542 1344 664 1435 modo,
701 1341 791 1440 qaod
816 1367 878 1440 per
904 1348 1084 1418 triennium
1110 1367 1236 1420 vocem
1262 1349 1296 1418 in
1322 1345 1470 1443 capitulo
1496 1369 1569 1425 uon

181 1441 365 1535 habebunt,
390 1454 426 1518 et
451 1445 649 1540 specialiter
674 1445 735 1516 ille
761 1442 803 1516 de
829 1445 1031 1520 nasseto
1057 1445 1137 1519 loco
1164 1445 1301 1542 capituli
1328 1445 1477 1537 carebit,
1501 1450 1570 1522 nisi

181 1547 276 1642 prius
302 1547 420 1640 gracie
447 1543 583 1640 capituli
608 1543 826 1618 reformetur.
879 1543 962 1618 ltern
990 1544 1147 1621 dominus
1162 1543 1312 1620 decanus
1327 1549 1494 1642 precipiet
1518 1547 1570 1620 illi

183 1643 225 1719 de
251 1643 580 1740 Helderuugen
605 1649 640 1720 in
667 1647 792 1718 uirtute
817 1643 1019 1720 obediencie
1046 1655 1178 1736 sonore,
1206 1645 1297 1742 quud
1322 1645 1363 1718 ad
1390 1649 1569 1742 proximos

183 1743 322 1820 ordines
349 1742 451 1818 dehet
476 1743 517 1821 ad
544 1743 807 1821 subdiaconatus
848 1744 1001 1820 ordinem
1039 1750 1247 1842 promoueri.
1301 1745 1399 1834 Quod
1435 1751 1466 1820 ei
1498 1771 1570 1821 non

182 1844 317 1937 iecerit,
342 1868 362 1918 u
388 1845 535 1942 capitulo
563 1847 607 1920 sit
633 1843 809 1921 exclusus.
861 1844 906 1918 Vt
931 1856 1044 1920 autem
1070 1849 1182 1922 omnia
1209 1851 1295 1938 ista,
1328 1867 1394 1942 que
1420 1848 1455 1920 in
1480 1869 1569 1944 pre-

184 1948 273 2022 senti
297 1945 412 2022 littera
437 1955 515 2019 sunt
541 1968 722 2044 expresso,
748 1943 790 2019 ab
818 1945 972 2020 omnibus
999 1945 1141 2020 firmiter
1168 1945 1416 2038 obcaecentur,
1443 1947 1568 2042 sigillis

182 2043 393 2125 uenerabilis
419 2043 545 2120 domiui
571 2049 681 2120 nostri
706 2045 732 2120 l.
759 2047 914 2142 episcopi
941 2056 976 2118 et
1011 2045 1147 2142 capituli
1172 2050 1283 2121 nostri
1310 2057 1345 2118 et
1369 2057 1567 2122 nostrornm

180 2157 377 2244 presentem
415 2145 562 2220 litteram
599 2145 742 2220 fecimus
780 2145 983 2240 diligencius
1023 2146 1192 2221 roborari.
1253 2145 1345 2220 Acta
1388 2158 1466 2221 sunt
1502 2147 1569 2222 hec

182 2269 271 2325 anno
299 2243 425 2323 domiui
449 2245 509 2319 ΜΟ·
546 2243 627 2322 00⁰·
659 2245 744 2322 tna·
775 2249 899 2338 tercio,
922 2247 958 2320 in
984 2245 1039 2322 die
1066 2245 1217 2320 Tibnrcii
1244 2257 1280 2320 et
1304 2245 1490 2322 Valeriani.

329 2423 335 2440 ¹
390 2446 495 2538 sigilla
518 2451 684 2532 perierunt,
705 2453 883 2516 remanente
904 2453 1015 2514 tantum
1036 2445 1361 2536 fragmentosecundt.

788 2885 962 2961 ccccvi.

589 3089 678 3156 Anno
703 3081 808 3170 tana„
833 3084 882 3154 13.
905 3087 983 3170 licit,
1005 3085 1168 3171 herbipoli.

184 3278 397 3375 Compositio
437 3282 526 3352 inter
562 3277 712 3373 lringum
754 3279 954 3372 episcopum
992 3273 1268 3370 herbipolensem
1313 3283 1350 3346 et
1389 3271 1570 3369 capitulum

182 3383 324 3458 maioris
351 3379 525 3454 ccclesiae
551 3399 597 3452 ex
623 3401 689 3452 una
713 3387 809 3474 perte
835 3385 871 3447 et
895 3375 1037 3450 fratrem
1064 3374 1277 3464 dudonem,
1303 3376 1455 3469 priorem
1479 3395 1569 3468 pro-

184 3481 367 3558 vincialem
393 3479 533 3556 hotrum
559 3478 798 3554 heremitarum
826 3475 955 3553 ordinis
983 3475 1019 3548 S.
1045 3475 1231 3568 Augustini
1257 3473 1571 3572 perAlemanninm

272 3593 308 3654 et
332 3580 458 3656 fratres
485 3579 564 3656 dicti
591 3577 721 3654 ordinis
744 3577 923 3673 Herbipoli
949 3577 1144 3652 constitutis
1171 3597 1217 3648 ex
1243 3575 1351 3652 altore
1377 3584 1485 3670 parte.

281 3749 307 3826 Ι.
333 3774 367 3829 n.
395 3776 423 3827 s.
452 3774 483 3824 e.
511 3753 533 3822 i.
562 3759 583 3822 t.
634 3747 709 3822 Hec
735 3759 788 3822 est
813 3747 923 3820 formu
950 3758 984 3820 et
1011 3749 1203 3842 conpositio
1231 3743 1570 3824 intervenerabiletn

208 3863 316 3935 utrem
340 3851 550 3946 Yringum
588 3849 757 3924 dominum
785 3852 982 3946 episcopum
1009 3859 1044 3920 et
1081 3847 1324 3943 capitulum
1350 3841 1568 3942 herbiposs

183 3875 390 4036 lense'cx
414 3975 479 4030 urus
505 3961 601 4048 parte
628 3961 663 4029 et
688 3949 829 4022 fratrem
856 3948 1116 4040 Gvidonem
1141 3951 1291 4042 priorem
1317 3945 1568 4044 provincialem

184 4051 324 4152 [rutrum
350 4055 591 4144 heremitarum
618 4050 746 4128 ordinis
773 4053 884 4128 sancti
908 4051 1093 4148 Augustini
1127 4069 1189 4150 per
1223 4047 1458 4142 Alcmnnium,
1493 4069 1569 4124 cum
