<?xml version="1.0" encoding="UTF-8"?>
<!DOCTYPE html PUBLIC "-//W3C//DTD XHTML 1.0 Transitional//EN"
    "http://www.w3.org/TR/xhtml1/DTD/xhtml1-transitional.dtd">
<html xmlns="http://www.w3.org/1999/xhtml" xml:lang="en" lang="en">
 <head>
  <title>
</title>
<meta http-equiv="Content-Type" content="text/html;charset=utf-8" />
  <meta name='ocr-system' content='tesseract 3.04.00' />
  <meta name='ocr-capabilities' content='ocr_page ocr_carea ocr_par ocr_line ocrx_word'/>
</head>
<body>
  <div class='ocr_page' id='page_1' title='image "./monumentaboica00karagoog_0549.png"; bbox 0 0 3838 4728; ppageno 0'>
   <div class='ocr_carea' id='block_1_1' title="bbox 615 409 1717 536">
    <p class='ocr_par' dir='ltr' id='par_1_1' title="bbox 615 409 1717 536">
     <span class='ocr_line' id='line_1_1' title="bbox 615 409 1717 536; baseline 0.002 -24"><span class='ocrx_word' id='word_1_1' title='bbox 615 443 859 536; x_wconf 62' lang='lat' dir='ltr'><strong>episcopante</strong></span> <span class='ocrx_word' id='word_1_2' title='bbox 884 409 1179 536; x_wconf 72' lang='lat' dir='ltr'><strong>winnidtupeusis.</strong></span> <span class='ocrx_word' id='word_1_3' title='bbox 1524 435 1598 514; x_wconf 79' lang='lat' dir='ltr'><strong>ost</strong></span> <span class='ocrx_word' id='word_1_4' title='bbox 1712 466 1717 490; x_wconf 76' lang='lat'><strong>¹</strong></span> 
     </span>
    </p>
   </div>
   <div class='ocr_carea' id='block_1_2' title="bbox 214 637 1598 834">
    <p class='ocr_par' dir='ltr' id='par_1_2' title="bbox 214 637 1598 834">
     <span class='ocr_line' id='line_1_2' title="bbox 214 637 1597 734; baseline 0.007 -28"><span class='ocrx_word' id='word_1_5' title='bbox 214 651 298 707; x_wconf 80' lang='lat' dir='ltr'><strong>ruera</strong></span> <span class='ocrx_word' id='word_1_6' title='bbox 324 645 359 706; x_wconf 82' lang='lat' dir='ltr'><strong>ct</strong></span> <span class='ocrx_word' id='word_1_7' title='bbox 385 657 472 730; x_wconf 72' lang='lat' dir='ltr'><strong>pua</strong></span> <span class='ocrx_word' id='word_1_8' title='bbox 493 641 702 734; x_wconf 68' lang='lat' dir='ltr'><strong>proprietate</strong></span> <span class='ocrx_word' id='word_1_9' title='bbox 727 649 765 711; x_wconf 75' lang='lat' dir='ltr'><strong>tt</strong></span> <span class='ocrx_word' id='word_1_10' title='bbox 789 637 979 713; x_wconf 73' lang='lat' dir='ltr'><strong>obsoletum</strong></span> <span class='ocrx_word' id='word_1_11' title='bbox 1006 639 1054 712; x_wconf 69' lang='lat' dir='ltr'><strong>oh</strong></span> <span class='ocrx_word' id='word_1_12' title='bbox 1077 643 1171 712; x_wconf 69' lang='lat' dir='ltr'><strong>enni</strong></span> <span class='ocrx_word' id='word_1_13' title='bbox 1194 639 1325 712; x_wconf 65' lang='lat' dir='ltr'><strong>haere</strong></span> <span class='ocrx_word' id='word_1_14' title='bbox 1352 637 1597 716; x_wconf 65' lang='lat' dir='ltr'><strong>suammet»</strong></span> 
     </span>
     <span class='ocr_line' id='line_1_3' title="bbox 215 736 1598 834; baseline 0.004 -27"><span class='ocrx_word' id='word_1_15' title='bbox 215 736 272 807; x_wconf 86' lang='lat' dir='ltr'><strong>uei</strong></span> <span class='ocrx_word' id='word_1_16' title='bbox 298 751 431 808; x_wconf 85' lang='lat' dir='ltr'><strong>censue·</strong></span> <span class='ocrx_word' id='word_1_17' title='bbox 449 737 763 834; x_wconf 67' lang='lat' dir='ltr'><strong>unicuionmmquu</strong></span> <span class='ocrx_word' id='word_1_18' title='bbox 776 741 915 812; x_wconf 71' lang='lat' dir='ltr'><strong>uniat</strong></span> <span class='ocrx_word' id='word_1_19' title='bbox 940 739 1162 827; x_wconf 70' lang='lat' dir='ltr'><strong>odimus,</strong></span> <span class='ocrx_word' id='word_1_20' title='bbox 1187 737 1413 830; x_wconf 74' lang='lat' dir='ltr'><strong>vendidimus,</strong></span> <span class='ocrx_word' id='word_1_21' title='bbox 1441 738 1598 814; x_wconf 55' lang='lat' dir='ltr'><strong>&amp;aas</strong></span> 
     </span>
    </p>
   </div>
   <div class='ocr_carea' id='block_1_3' title="bbox 216 833 1724 934">
    <p class='ocr_par' dir='ltr' id='par_1_3' title="bbox 216 833 1724 934">
     <span class='ocr_line' id='line_1_4' title="bbox 216 833 1724 934; baseline 0.004 -26"><span class='ocrx_word' id='word_1_22' title='bbox 216 845 254 908; x_wconf 83' lang='lat' dir='ltr'><strong>et</strong></span> <span class='ocrx_word' id='word_1_23' title='bbox 274 833 485 926; x_wconf 56' lang='lat' dir='ltr'><strong>trudidimrnp</strong></span> <span class='ocrx_word' id='word_1_24' title='bbox 510 847 545 908; x_wconf 88' lang='lat' dir='ltr'><strong>et</strong></span> <span class='ocrx_word' id='word_1_25' title='bbox 569 856 630 933; x_wconf 87' lang='lat' dir='ltr'><strong>per</strong></span> <span class='ocrx_word' id='word_1_26' title='bbox 655 850 843 934; x_wconf 85' lang='lat' dir='ltr'><strong>presentes·</strong></span> <span class='ocrx_word' id='word_1_27' title='bbox 864 839 997 912; x_wconf 85' lang='lat' dir='ltr'><strong>litteras</strong></span> <span class='ocrx_word' id='word_1_28' title='bbox 1022 839 1221 928; x_wconf 55' lang='lat' dir='ltr'><strong>miurus,</strong></span> <span class='ocrx_word' id='word_1_29' title='bbox 1259 837 1377 910; x_wconf 82' lang='lat' dir='ltr'><strong>demus</strong></span> <span class='ocrx_word' id='word_1_30' title='bbox 1410 847 1446 912; x_wconf 91' lang='lat' dir='ltr'><strong>et</strong></span> <span class='ocrx_word' id='word_1_31' title='bbox 1483 839 1595 911; x_wconf 77' lang='lat' dir='ltr'><strong>tradi·-</strong></span> <span class='ocrx_word' id='word_1_32' title='bbox 1715 911 1724 928; x_wconf 57' lang='lat'>„</span> 
     </span>
    </p>
   </div>
   <div class='ocr_carea' id='block_1_4' title="bbox 210 934 1683 4128">
    <p class='ocr_par' dir='ltr' id='par_1_4' title="bbox 210 934 1683 4128">
     <span class='ocr_line' id='line_1_5' title="bbox 216 934 1599 1033; baseline 0.001 -23"><span class='ocrx_word' id='word_1_33' title='bbox 216 935 324 1010; x_wconf 73' lang='lat' dir='ltr'><strong>dinus</strong></span> <span class='ocrx_word' id='word_1_34' title='bbox 350 934 462 1008; x_wconf 79' lang='lat' dir='ltr'><strong>etue·</strong></span> <span class='ocrx_word' id='word_1_35' title='bbox 486 941 656 1031; x_wconf 71' lang='lat' dir='ltr'><strong>magistre</strong></span> <span class='ocrx_word' id='word_1_36' title='bbox 679 938 914 1030; x_wconf 74' lang='lat' dir='ltr'>Gregorio.</span> <span class='ocrx_word' id='word_1_37' title='bbox 969 939 1046 1026; x_wconf 71' lang='lat' dir='ltr'><strong>Qua</strong></span> <span class='ocrx_word' id='word_1_38' title='bbox 1071 943 1164 1012; x_wconf 86' lang='lat' dir='ltr'><strong>carie</strong></span> <span class='ocrx_word' id='word_1_39' title='bbox 1180 937 1599 1033; x_wconf 71' lang='lat' dir='ltr'><strong>anuieoiiguiieeeinere</strong></span> 
     </span>
     <span class='ocr_line' id='line_1_6' title="bbox 215 1033 1599 1134; baseline 0.003 -28"><span class='ocrx_word' id='word_1_40' title='bbox 215 1033 316 1106; x_wconf 87' lang='lat' dir='ltr'><strong>debet</strong></span> <span class='ocrx_word' id='word_1_41' title='bbox 340 1057 465 1108; x_wconf 87' lang='lat' dir='ltr'><strong>nouem</strong></span> <span class='ocrx_word' id='word_1_42' title='bbox 491 1037 620 1109; x_wconf 90' lang='lat' dir='ltr'><strong>maidra</strong></span> <span class='ocrx_word' id='word_1_43' title='bbox 645 1039 805 1132; x_wconf 70' lang='lat' dir='ltr'><strong>effigium,</strong></span> <span class='ocrx_word' id='word_1_44' title='bbox 831 1037 899 1112; x_wconf 93' lang='lat' dir='ltr'><strong>duo</strong></span> <span class='ocrx_word' id='word_1_45' title='bbox 924 1041 1048 1126; x_wconf 65' lang='lat' dir='ltr'><strong>trtn&#39;ci4</strong></span> <span class='ocrx_word' id='word_1_46' title='bbox 1079 1047 1185 1111; x_wconf 79' lang='lat' dir='ltr'><strong>r‘nmn</strong></span> <span class='ocrx_word' id='word_1_47' title='bbox 1210 1041 1289 1134; x_wconf 84' lang='lat' dir='ltr'><strong>pise</strong></span> <span class='ocrx_word' id='word_1_48' title='bbox 1313 1050 1348 1111; x_wconf 87' lang='lat' dir='ltr'><strong>et</strong></span> <span class='ocrx_word' id='word_1_49' title='bbox 1373 1037 1438 1110; x_wconf 80' lang='lat' dir='ltr'><strong>drto</strong></span> <span class='ocrx_word' id='word_1_50' title='bbox 1465 1037 1599 1111; x_wconf 81' lang='lat' dir='ltr'><strong>meidrn</strong></span> 
     </span>
     <span class='ocr_line' id='line_1_7' title="bbox 213 1135 1594 1234; baseline 0.003 -26"><span class='ocrx_word' id='word_1_51' title='bbox 213 1156 322 1208; x_wconf 89' lang='lat' dir='ltr'><strong>auene</strong></span> <span class='ocrx_word' id='word_1_52' title='bbox 349 1135 391 1207; x_wconf 88' lang='lat' dir='ltr'><strong>ad</strong></span> <span class='ocrx_word' id='word_1_53' title='bbox 416 1157 610 1209; x_wconf 86' lang='lat' dir='ltr'><strong>mensurum</strong></span> <span class='ocrx_word' id='word_1_54' title='bbox 636 1137 936 1232; x_wconf 76' lang='lat' dir='ltr'><strong>herbipolensem,</strong></span> <span class='ocrx_word' id='word_1_55' title='bbox 975 1149 1119 1233; x_wconf 88' lang='lat' dir='ltr'><strong>quatuor</strong></span> <span class='ocrx_word' id='word_1_56' title='bbox 1143 1137 1258 1234; x_wconf 89' lang='lat' dir='ltr'><strong>pullos</strong></span> <span class='ocrx_word' id='word_1_57' title='bbox 1284 1141 1319 1210; x_wconf 93' lang='lat' dir='ltr'><strong>in</strong></span> <span class='ocrx_word' id='word_1_58' title='bbox 1345 1141 1457 1210; x_wconf 87' lang='lat' dir='ltr'><strong>carnis</strong></span> <span class='ocrx_word' id='word_1_59' title='bbox 1484 1142 1594 1234; x_wconf 90' lang='lat' dir='ltr'><strong>priuie</strong></span> 
     </span>
     <span class='ocr_line' id='line_1_8' title="bbox 213 1233 1593 1333; baseline 0.002 -26"><span class='ocrx_word' id='word_1_60' title='bbox 213 1245 247 1307; x_wconf 87' lang='lat' dir='ltr'><strong>et</strong></span> <span class='ocrx_word' id='word_1_61' title='bbox 281 1233 366 1308; x_wconf 86' lang='lat' dir='ltr'><strong>duos</strong></span> <span class='ocrx_word' id='word_1_62' title='bbox 404 1259 547 1310; x_wconf 84' lang='lat' dir='ltr'><strong>anseres</strong></span> <span class='ocrx_word' id='word_1_63' title='bbox 584 1247 619 1309; x_wconf 89' lang='lat' dir='ltr'><strong>et</strong></span> <span class='ocrx_word' id='word_1_64' title='bbox 655 1248 798 1332; x_wconf 88' lang='lat' dir='ltr'><strong>quatuor</strong></span> <span class='ocrx_word' id='word_1_65' title='bbox 835 1261 944 1312; x_wconf 82' lang='lat' dir='ltr'><strong>coxas</strong></span> <span class='ocrx_word' id='word_1_66' title='bbox 980 1243 1139 1333; x_wconf 87' lang='lat' dir='ltr'><strong>porcinas</strong></span> <span class='ocrx_word' id='word_1_67' title='bbox 1178 1242 1214 1310; x_wconf 93' lang='lat' dir='ltr'><strong>iu</strong></span> <span class='ocrx_word' id='word_1_68' title='bbox 1246 1240 1421 1311; x_wconf 84' lang='lat' dir='ltr'><strong>natiuituta</strong></span> <span class='ocrx_word' id='word_1_69' title='bbox 1455 1237 1593 1310; x_wconf 91' lang='lat' dir='ltr'><strong>domiui.</strong></span> 
     </span>
     <span class='ocr_line' id='line_1_9' title="bbox 213 1335 1595 1433; baseline 0.003 -27"><span class='ocrx_word' id='word_1_70' title='bbox 213 1335 286 1422; x_wconf 81' lang='lat' dir='ltr'><strong>Quo</strong></span> <span class='ocrx_word' id='word_1_71' title='bbox 313 1338 426 1407; x_wconf 89' lang='lat' dir='ltr'><strong>omnia</strong></span> <span class='ocrx_word' id='word_1_72' title='bbox 451 1335 612 1409; x_wconf 89' lang='lat' dir='ltr'><strong>uidelicet</strong></span> <span class='ocrx_word' id='word_1_73' title='bbox 637 1337 763 1431; x_wconf 75' lang='lat' dir='ltr'><strong>silig0‚</strong></span> <span class='ocrx_word' id='word_1_74' title='bbox 797 1342 963 1428; x_wconf 78' lang='lat' dir='ltr'><strong>triticum,</strong></span> <span class='ocrx_word' id='word_1_75' title='bbox 990 1342 1082 1432; x_wconf 73' lang='lat' dir='ltr'><strong>pisa,</strong></span> <span class='ocrx_word' id='word_1_76' title='bbox 1109 1359 1218 1410; x_wconf 88' lang='lat' dir='ltr'><strong>auena</strong></span> <span class='ocrx_word' id='word_1_77' title='bbox 1246 1347 1281 1411; x_wconf 89' lang='lat' dir='ltr'><strong>et</strong></span> <span class='ocrx_word' id='word_1_78' title='bbox 1307 1337 1374 1410; x_wconf 89' lang='lat' dir='ltr'><strong>alia</strong></span> <span class='ocrx_word' id='word_1_79' title='bbox 1401 1336 1595 1433; x_wconf 84' lang='lat' dir='ltr'><strong>supradicta</strong></span> 
     </span>
     <span class='ocr_line' id='line_1_10' title="bbox 210 1435 1593 1532; baseline 0.004 -28"><span class='ocrx_word' id='word_1_80' title='bbox 210 1455 272 1530; x_wconf 91' lang='lat' dir='ltr'><strong>per</strong></span> <span class='ocrx_word' id='word_1_81' title='bbox 298 1435 458 1508; x_wconf 86' lang='lat' dir='ltr'><strong>colonum</strong></span> <span class='ocrx_word' id='word_1_82' title='bbox 491 1435 580 1509; x_wconf 90' lang='lat' dir='ltr'><strong>dicte</strong></span> <span class='ocrx_word' id='word_1_83' title='bbox 620 1440 715 1510; x_wconf 90' lang='lat' dir='ltr'><strong>curie</strong></span> <span class='ocrx_word' id='word_1_84' title='bbox 750 1441 943 1532; x_wconf 84' lang='lat' dir='ltr'><strong>presentari</strong></span> <span class='ocrx_word' id='word_1_85' title='bbox 982 1437 1108 1510; x_wconf 87' lang='lat' dir='ltr'><strong>dehent</strong></span> <span class='ocrx_word' id='word_1_86' title='bbox 1141 1440 1238 1512; x_wconf 89' lang='lat' dir='ltr'><strong>anuis</strong></span> <span class='ocrx_word' id='word_1_87' title='bbox 1266 1437 1411 1532; x_wconf 75' lang='lat' dir='ltr'><strong>siugulis</strong></span> <span class='ocrx_word' id='word_1_88' title='bbox 1439 1436 1593 1532; x_wconf 89' lang='lat' dir='ltr'><strong>predicto</strong></span> 
     </span>
     <span class='ocr_line' id='line_1_11' title="bbox 213 1534 1594 1633; baseline 0.003 -29"><span class='ocrx_word' id='word_1_89' title='bbox 213 1534 451 1608; x_wconf 88' lang='lat' dir='ltr'><strong>archidiacone</strong></span> <span class='ocrx_word' id='word_1_90' title='bbox 479 1547 514 1608; x_wconf 89' lang='lat' dir='ltr'><strong>et</strong></span> <span class='ocrx_word' id='word_1_91' title='bbox 538 1539 609 1608; x_wconf 85' lang='lat' dir='ltr'><strong>suis</strong></span> <span class='ocrx_word' id='word_1_92' title='bbox 637 1535 898 1610; x_wconf 87' lang='lat' dir='ltr'><strong>successoribus</strong></span> <span class='ocrx_word' id='word_1_93' title='bbox 923 1535 1010 1632; x_wconf 88' lang='lat' dir='ltr'><strong>apud</strong></span> <span class='ocrx_word' id='word_1_94' title='bbox 1036 1541 1206 1610; x_wconf 86' lang='lat' dir='ltr'><strong>ciuitatem</strong></span> <span class='ocrx_word' id='word_1_95' title='bbox 1231 1536 1509 1633; x_wconf 77' lang='lat' dir='ltr'><strong>herbipolensem</strong></span> <span class='ocrx_word' id='word_1_96' title='bbox 1535 1537 1594 1610; x_wconf 92' lang='lat' dir='ltr'><strong>uel</strong></span> 
     </span>
     <span class='ocr_line' id='line_1_12' title="bbox 211 1633 1593 1731; baseline 0.001 -27"><span class='ocrx_word' id='word_1_97' title='bbox 211 1637 245 1706; x_wconf 93' lang='lat' dir='ltr'><strong>in</strong></span> <span class='ocrx_word' id='word_1_98' title='bbox 271 1634 339 1706; x_wconf 93' lang='lat' dir='ltr'><strong>alio</strong></span> <span class='ocrx_word' id='word_1_99' title='bbox 366 1633 459 1724; x_wconf 77' lang='lat' dir='ltr'><strong>loco,</strong></span> <span class='ocrx_word' id='word_1_100' title='bbox 485 1633 689 1708; x_wconf 75' lang='lat' dir='ltr'><strong>tantumdem</strong></span> <span class='ocrx_word' id='word_1_101' title='bbox 703 1636 848 1710; x_wconf 87' lang='lat' dir='ltr'><strong>distante</strong></span> <span class='ocrx_word' id='word_1_102' title='bbox 874 1635 1092 1710; x_wconf 85' lang='lat' dir='ltr'><strong>odietuuiila</strong></span> <span class='ocrx_word' id='word_1_103' title='bbox 1111 1635 1466 1726; x_wconf 76' lang='lat' dir='ltr'><strong>itotelbruunem</strong></span> <span class='ocrx_word' id='word_1_104' title='bbox 1493 1658 1593 1731; x_wconf 90' lang='lat' dir='ltr'><strong>quem</strong></span> 
     </span>
     <span class='ocr_line' id='line_1_13' title="bbox 211 1733 1593 1830; baseline 0.001 -26"><span class='ocrx_word' id='word_1_105' title='bbox 211 1733 361 1828; x_wconf 79' lang='lat' dir='ltr'><strong>prefatus</strong></span> <span class='ocrx_word' id='word_1_106' title='bbox 387 1735 645 1810; x_wconf 86' lang='lat' dir='ltr'><strong>archidiaconus</strong></span> <span class='ocrx_word' id='word_1_107' title='bbox 673 1737 729 1808; x_wconf 91' lang='lat' dir='ltr'><strong>uei</strong></span> <span class='ocrx_word' id='word_1_108' title='bbox 756 1739 809 1808; x_wconf 86' lang='lat' dir='ltr'><strong>eui</strong></span> <span class='ocrx_word' id='word_1_109' title='bbox 835 1759 1061 1810; x_wconf 86' lang='lat' dir='ltr'><strong>successores</strong></span> <span class='ocrx_word' id='word_1_110' title='bbox 1088 1736 1130 1808; x_wconf 91' lang='lat' dir='ltr'><strong>ed</strong></span> <span class='ocrx_word' id='word_1_111' title='bbox 1155 1735 1222 1808; x_wconf 90' lang='lat' dir='ltr'><strong>hoc</strong></span> <span class='ocrx_word' id='word_1_112' title='bbox 1238 1736 1419 1830; x_wconf 84' lang='lat' dir='ltr'><strong>elegerint.</strong></span> <span class='ocrx_word' id='word_1_113' title='bbox 1456 1733 1593 1808; x_wconf 87' lang='lat' dir='ltr'><strong>Nichil-</strong></span> 
     </span>
     <span class='ocr_line' id='line_1_14' title="bbox 213 1833 1593 1910; baseline 0 -4"><span class='ocrx_word' id='word_1_114' title='bbox 213 1837 344 1906; x_wconf 91' lang='lat' dir='ltr'><strong>cmiuus</strong></span> <span class='ocrx_word' id='word_1_115' title='bbox 372 1857 471 1908; x_wconf 82' lang='lat' dir='ltr'><strong>mauu</strong></span> <span class='ocrx_word' id='word_1_116' title='bbox 497 1846 532 1908; x_wconf 92' lang='lat' dir='ltr'><strong>et</strong></span> <span class='ocrx_word' id='word_1_117' title='bbox 552 1837 683 1910; x_wconf 87' lang='lat' dir='ltr'><strong>calamo</strong></span> <span class='ocrx_word' id='word_1_118' title='bbox 711 1837 754 1908; x_wconf 84' lang='lat' dir='ltr'><strong>ad</strong></span> <span class='ocrx_word' id='word_1_119' title='bbox 778 1835 1080 1910; x_wconf 85' lang='lat' dir='ltr'><strong>menusdicturum</strong></span> <span class='ocrx_word' id='word_1_120' title='bbox 1106 1887 1138 1908; x_wconf 87' lang='lat'><strong>..</strong></span> <span class='ocrx_word' id='word_1_121' title='bbox 1167 1833 1325 1910; x_wconf 83' lang='lat' dir='ltr'><strong>officiatis</strong></span> <span class='ocrx_word' id='word_1_122' title='bbox 1353 1845 1387 1908; x_wconf 91' lang='lat' dir='ltr'><strong>et</strong></span> <span class='ocrx_word' id='word_1_123' title='bbox 1414 1888 1445 1907; x_wconf 87' lang='lat'><strong>..</strong></span> <span class='ocrx_word' id='word_1_124' title='bbox 1474 1834 1593 1906; x_wconf 90' lang='lat' dir='ltr'><strong>arohi-</strong></span> 
     </span>
     <span class='ocr_line' id='line_1_15' title="bbox 212 1931 1593 2031; baseline 0.001 -27"><span class='ocrx_word' id='word_1_125' title='bbox 212 1931 345 2005; x_wconf 91' lang='lat' dir='ltr'><strong>diaconi</strong></span> <span class='ocrx_word' id='word_1_126' title='bbox 371 1939 619 2029; x_wconf 83' lang='lat' dir='ltr'><strong>resignouimus</strong></span> <span class='ocrx_word' id='word_1_127' title='bbox 647 1939 909 2030; x_wconf 85' lang='lat' dir='ltr'><strong>etresiguamus</strong></span> <span class='ocrx_word' id='word_1_128' title='bbox 937 1940 1029 2008; x_wconf 93' lang='lat' dir='ltr'><strong>omni</strong></span> <span class='ocrx_word' id='word_1_129' title='bbox 1054 1938 1130 2026; x_wconf 72' lang='lat' dir='ltr'><strong>iuri,</strong></span> <span class='ocrx_word' id='word_1_130' title='bbox 1157 1933 1246 2031; x_wconf 90' lang='lat' dir='ltr'><strong>quod</strong></span> <span class='ocrx_word' id='word_1_131' title='bbox 1267 1933 1367 2009; x_wconf 90' lang='lat' dir='ltr'><strong>nobis</strong></span> <span class='ocrx_word' id='word_1_132' title='bbox 1388 1934 1593 2030; x_wconf 76' lang='lat' dir='ltr'><strong>conpetebat</strong></span> 
     </span>
     <span class='ocr_line' id='line_1_16' title="bbox 213 2034 1593 2130; baseline 0 -24"><span class='ocrx_word' id='word_1_133' title='bbox 213 2035 248 2106; x_wconf 90' lang='lat' dir='ltr'><strong>iu</strong></span> <span class='ocrx_word' id='word_1_134' title='bbox 273 2034 600 2130; x_wconf 69' lang='lat' dir='ltr'><strong>contemperatum,</strong></span> <span class='ocrx_word' id='word_1_135' title='bbox 624 2036 727 2110; x_wconf 82' lang='lat' dir='ltr'><strong>nichil</strong></span> <span class='ocrx_word' id='word_1_136' title='bbox 752 2039 835 2110; x_wconf 88' lang='lat' dir='ltr'><strong>iuris</strong></span> <span class='ocrx_word' id='word_1_137' title='bbox 862 2034 963 2108; x_wconf 87' lang='lat' dir='ltr'><strong>uobis</strong></span> <span class='ocrx_word' id='word_1_138' title='bbox 989 2040 1122 2130; x_wconf 82' lang='lat' dir='ltr'><strong>penitus</strong></span> <span class='ocrx_word' id='word_1_139' title='bbox 1134 2045 1369 2108; x_wconf 86' lang='lat' dir='ltr'><strong>reseruantee.</strong></span> <span class='ocrx_word' id='word_1_140' title='bbox 1396 2035 1441 2108; x_wconf 82' lang='lat' dir='ltr'><strong>Et</strong></span> <span class='ocrx_word' id='word_1_141' title='bbox 1454 2053 1593 2107; x_wconf 92' lang='lat' dir='ltr'><strong>memo-</strong></span> 
     </span>
     <span class='ocr_line' id='line_1_17' title="bbox 213 2133 1598 2232; baseline 0.004 -30"><span class='ocrx_word' id='word_1_142' title='bbox 213 2143 322 2208; x_wconf 66' lang='lat' dir='ltr'><strong>raam</strong></span> <span class='ocrx_word' id='word_1_143' title='bbox 347 2133 619 2210; x_wconf 84' lang='lat' dir='ltr'><strong>archidiaconum</strong></span> <span class='ocrx_word' id='word_1_144' title='bbox 646 2139 680 2208; x_wconf 92' lang='lat' dir='ltr'><strong>in</strong></span> <span class='ocrx_word' id='word_1_145' title='bbox 693 2137 828 2231; x_wconf 72' lang='lat' dir='ltr'><strong>pienum</strong></span> <span class='ocrx_word' id='word_1_146' title='bbox 844 2147 879 2208; x_wconf 90' lang='lat' dir='ltr'><strong>et</strong></span> <span class='ocrx_word' id='word_1_147' title='bbox 895 2136 1112 2232; x_wconf 75' lang='lat' dir='ltr'><strong>corporalem</strong></span> <span class='ocrx_word' id='word_1_148' title='bbox 1128 2137 1389 2232; x_wconf 84' lang='lat' dir='ltr'><strong>possessiouem</strong></span> <span class='ocrx_word' id='word_1_149' title='bbox 1405 2133 1598 2208; x_wconf 65' lang='lat' dir='ltr'><strong>toeneium</strong></span> 
     </span>
     <span class='ocr_line' id='line_1_18' title="bbox 214 2231 1683 2330; baseline 0.005 -26"><span class='ocrx_word' id='word_1_150' title='bbox 214 2243 248 2304; x_wconf 87' lang='lat' dir='ltr'><strong>ot</strong></span> <span class='ocrx_word' id='word_1_151' title='bbox 272 2232 384 2304; x_wconf 89' lang='lat' dir='ltr'><strong>induci</strong></span> <span class='ocrx_word' id='word_1_152' title='bbox 409 2233 555 2308; x_wconf 78' lang='lat' dir='ltr'><strong>fecimus</strong></span> <span class='ocrx_word' id='word_1_153' title='bbox 581 2251 643 2330; x_wconf 88' lang='lat' dir='ltr'><strong>per</strong></span> <span class='ocrx_word' id='word_1_154' title='bbox 669 2235 916 2308; x_wconf 77' lang='lat' dir='ltr'><strong>Goeraduu</strong></span> <span class='ocrx_word' id='word_1_155' title='bbox 952 2232 1386 2330; x_wconf 73' lang='lat' dir='ltr'><strong>dictumSteinkoipi,</strong></span> <span class='ocrx_word' id='word_1_156' title='bbox 1422 2243 1522 2328; x_wconf 65' lang='lat' dir='ltr'><strong>prem</strong></span> <span class='ocrx_word' id='word_1_157' title='bbox 1551 2231 1598 2306; x_wconf 88' lang='lat' dir='ltr'><strong>ad</strong></span> <span class='ocrx_word' id='word_1_158' title='bbox 1676 2299 1683 2312; x_wconf 90' lang='lat'>.</span> 
     </span>
     <span class='ocr_line' id='line_1_19' title="bbox 212 2331 1597 2431; baseline 0.001 -27"><span class='ocrx_word' id='word_1_159' title='bbox 212 2331 279 2404; x_wconf 85' lang='lat' dir='ltr'><strong>troc</strong></span> <span class='ocrx_word' id='word_1_160' title='bbox 304 2345 458 2406; x_wconf 88' lang='lat' dir='ltr'><strong>nostrum</strong></span> <span class='ocrx_word' id='word_1_161' title='bbox 485 2339 721 2408; x_wconf 68' lang='lat' dir='ltr'><strong>constituimus</strong></span> <span class='ocrx_word' id='word_1_162' title='bbox 747 2345 1015 2431; x_wconf 81' lang='lat' dir='ltr'><strong>procuratorem.</strong></span> <span class='ocrx_word' id='word_1_163' title='bbox 1068 2333 1164 2408; x_wconf 81' lang='lat' dir='ltr'><strong>idone</strong></span> <span class='ocrx_word' id='word_1_164' title='bbox 1198 2345 1309 2406; x_wconf 87' lang='lat' dir='ltr'><strong>antem</strong></span> <span class='ocrx_word' id='word_1_165' title='bbox 1344 2333 1597 2424; x_wconf 65' lang='lat' dir='ltr'><strong>condemnem,</strong></span> 
     </span>
     <span class='ocr_line' id='line_1_20' title="bbox 213 2431 1597 2528; baseline 0.003 -26"><span class='ocrx_word' id='word_1_166' title='bbox 213 2437 478 2506; x_wconf 78' lang='lat' dir='ltr'><strong>concessionem</strong></span> <span class='ocrx_word' id='word_1_167' title='bbox 509 2445 544 2506; x_wconf 89' lang='lat' dir='ltr'><strong>et</strong></span> <span class='ocrx_word' id='word_1_168' title='bbox 577 2433 799 2506; x_wconf 80' lang='lat' dir='ltr'><strong>tradicionem</strong></span> <span class='ocrx_word' id='word_1_169' title='bbox 823 2433 968 2506; x_wconf 82' lang='lat' dir='ltr'><strong>iacimus</strong></span> <span class='ocrx_word' id='word_1_170' title='bbox 1000 2455 1062 2527; x_wconf 92' lang='lat' dir='ltr'><strong>pro</strong></span> <span class='ocrx_word' id='word_1_171' title='bbox 1095 2437 1212 2528; x_wconf 81' lang='lat' dir='ltr'><strong>promo</strong></span> <span class='ocrx_word' id='word_1_172' title='bbox 1247 2431 1399 2505; x_wconf 86' lang='lat' dir='ltr'><strong>sedecim</strong></span> <span class='ocrx_word' id='word_1_173' title='bbox 1432 2431 1597 2506; x_wconf 75' lang='lat' dir='ltr'><strong>hhrartnrt</strong></span> 
     </span>
     <span class='ocr_line' id='line_1_21' title="bbox 213 2531 1597 2628; baseline -0.002 -24"><span class='ocrx_word' id='word_1_174' title='bbox 213 2531 427 2606; x_wconf 83' lang='lat' dir='ltr'><strong>denariorum</strong></span> <span class='ocrx_word' id='word_1_175' title='bbox 454 2533 755 2628; x_wconf 70' lang='lat' dir='ltr'><strong>nettpoieouum,</strong></span> <span class='ocrx_word' id='word_1_176' title='bbox 781 2533 870 2628; x_wconf 84' lang='lat' dir='ltr'><strong>quod</strong></span> <span class='ocrx_word' id='word_1_177' title='bbox 896 2537 1048 2628; x_wconf 81' lang='lat' dir='ltr'><strong>precium</strong></span> <span class='ocrx_word' id='word_1_178' title='bbox 1073 2535 1107 2604; x_wconf 91' lang='lat' dir='ltr'><strong>in</strong></span> <span class='ocrx_word' id='word_1_179' title='bbox 1134 2543 1309 2604; x_wconf 85' lang='lat' dir='ltr'><strong>numerate</strong></span> <span class='ocrx_word' id='word_1_180' title='bbox 1325 2535 1470 2627; x_wconf 86' lang='lat' dir='ltr'><strong>pecunia</strong></span> <span class='ocrx_word' id='word_1_181' title='bbox 1485 2553 1597 2603; x_wconf 83' lang='lat' dir='ltr'><strong>rece-</strong></span> 
     </span>
     <span class='ocr_line' id='line_1_22' title="bbox 211 2632 1596 2728; baseline 0 -24"><span class='ocrx_word' id='word_1_182' title='bbox 211 2635 345 2727; x_wconf 70' lang='lat' dir='ltr'><strong>pimus,</strong></span> <span class='ocrx_word' id='word_1_183' title='bbox 383 2633 425 2706; x_wconf 90' lang='lat' dir='ltr'><strong>de</strong></span> <span class='ocrx_word' id='word_1_184' title='bbox 459 2646 523 2727; x_wconf 82' lang='lat' dir='ltr'><strong>que</strong></span> <span class='ocrx_word' id='word_1_185' title='bbox 560 2656 625 2708; x_wconf 82' lang='lat' dir='ltr'><strong>noe</strong></span> <span class='ocrx_word' id='word_1_186' title='bbox 657 2632 746 2708; x_wconf 81' lang='lat' dir='ltr'><strong>hene</strong></span> <span class='ocrx_word' id='word_1_187' title='bbox 784 2644 924 2728; x_wconf 83' lang='lat' dir='ltr'><strong>pacatos</strong></span> <span class='ocrx_word' id='word_1_188' title='bbox 963 2641 1000 2705; x_wconf 88' lang='lat' dir='ltr'><strong>et</strong></span> <span class='ocrx_word' id='word_1_189' title='bbox 1037 2635 1211 2726; x_wconf 80' lang='lat' dir='ltr'><strong>quietutoe</strong></span> <span class='ocrx_word' id='word_1_190' title='bbox 1240 2633 1524 2726; x_wconf 81' lang='lat' dir='ltr'><strong>recognoscimus</strong></span> <span class='ocrx_word' id='word_1_191' title='bbox 1560 2639 1596 2704; x_wconf 90' lang='lat' dir='ltr'><strong>at</strong></span> 
     </span>
     <span class='ocr_line' id='line_1_23' title="bbox 211 2735 1596 2828; baseline 0.001 -25"><span class='ocrx_word' id='word_1_192' title='bbox 211 2755 398 2820; x_wconf 74' lang='lat' dir='ltr'><strong>uocemue,</strong></span> <span class='ocrx_word' id='word_1_193' title='bbox 433 2737 673 2806; x_wconf 80' lang='lat' dir='ltr'><strong>renunciantes</strong></span> <span class='ocrx_word' id='word_1_194' title='bbox 711 2754 881 2828; x_wconf 86' lang='lat' dir='ltr'><strong>expresse</strong></span> <span class='ocrx_word' id='word_1_195' title='bbox 916 2735 1113 2828; x_wconf 79' lang='lat' dir='ltr'><strong>exceptioni</strong></span> <span class='ocrx_word' id='word_1_196' title='bbox 1149 2751 1219 2806; x_wconf 87' lang='lat' dir='ltr'><strong>nou</strong></span> <span class='ocrx_word' id='word_1_197' title='bbox 1254 2741 1430 2804; x_wconf 77' lang='lat' dir='ltr'><strong>omrerate</strong></span> <span class='ocrx_word' id='word_1_198' title='bbox 1464 2742 1499 2804; x_wconf 90' lang='lat' dir='ltr'><strong>et</strong></span> <span class='ocrx_word' id='word_1_199' title='bbox 1523 2752 1596 2804; x_wconf 81' lang='lat' dir='ltr'><strong>auu</strong></span> 
     </span>
     <span class='ocr_line' id='line_1_24' title="bbox 213 2831 1620 2928; baseline -0.001 -24"><span class='ocrx_word' id='word_1_200' title='bbox 213 2833 331 2904; x_wconf 86' lang='lat' dir='ltr'><strong>eoiute</strong></span> <span class='ocrx_word' id='word_1_201' title='bbox 353 2837 512 2928; x_wconf 62' lang='lat' dir='ltr'><strong>pecunie,</strong></span> <span class='ocrx_word' id='word_1_202' title='bbox 537 2837 662 2906; x_wconf 75' lang='lat' dir='ltr'><strong>aetieui</strong></span> <span class='ocrx_word' id='word_1_203' title='bbox 689 2833 731 2904; x_wconf 93' lang='lat' dir='ltr'><strong>de</strong></span> <span class='ocrx_word' id='word_1_204' title='bbox 758 2833 838 2906; x_wconf 88' lang='lat' dir='ltr'><strong>doio</strong></span> <span class='ocrx_word' id='word_1_205' title='bbox 866 2841 900 2906; x_wconf 92' lang='lat' dir='ltr'><strong>et</strong></span> <span class='ocrx_word' id='word_1_206' title='bbox 926 2835 961 2906; x_wconf 92' lang='lat' dir='ltr'><strong>iu</strong></span> <span class='ocrx_word' id='word_1_207' title='bbox 986 2833 1109 2904; x_wconf 84' lang='lat' dir='ltr'><strong>iactum</strong></span> <span class='ocrx_word' id='word_1_208' title='bbox 1136 2831 1381 2928; x_wconf 43' lang='lat' dir='ltr'><strong>otrpriuiiagio</strong></span> <span class='ocrx_word' id='word_1_209' title='bbox 1405 2831 1493 2906; x_wconf 88' lang='lat' dir='ltr'><strong>detis</strong></span> <span class='ocrx_word' id='word_1_210' title='bbox 1519 2833 1620 2918; x_wconf 86' lang='lat' dir='ltr'><strong>siue</strong></span> 
     </span>
     <span class='ocr_line' id='line_1_25' title="bbox 213 2929 1597 3029; baseline 0.001 -26"><span class='ocrx_word' id='word_1_211' title='bbox 213 2931 412 3005; x_wconf 91' lang='lat' dir='ltr'><strong>donacionis</strong></span> <span class='ocrx_word' id='word_1_212' title='bbox 449 2944 588 3029; x_wconf 91' lang='lat' dir='ltr'><strong>propter</strong></span> <span class='ocrx_word' id='word_1_213' title='bbox 614 2937 767 3028; x_wconf 78' lang='lat' dir='ltr'><strong>nuptias,</strong></span> <span class='ocrx_word' id='word_1_214' title='bbox 794 2936 1036 3006; x_wconf 85' lang='lat' dir='ltr'><strong>constitucioni</strong></span> <span class='ocrx_word' id='word_1_215' title='bbox 1070 2932 1128 3004; x_wconf 89' lang='lat' dir='ltr'><strong>uei</strong></span> <span class='ocrx_word' id='word_1_216' title='bbox 1167 2931 1406 3006; x_wconf 75' lang='lat' dir='ltr'><strong>consuetudini</strong></span> <span class='ocrx_word' id='word_1_217' title='bbox 1438 2929 1597 3026; x_wconf 80' lang='lat' dir='ltr'><strong>geuualt</strong></span> 
     </span>
     <span class='ocr_line' id='line_1_26' title="bbox 214 3029 1594 3120; baseline 0 -17"><span class='ocrx_word' id='word_1_218' title='bbox 214 3033 270 3104; x_wconf 90' lang='lat' dir='ltr'><strong>uel</strong></span> <span class='ocrx_word' id='word_1_219' title='bbox 297 3033 400 3104; x_wconf 87' lang='lat' dir='ltr'><strong>locali</strong></span> <span class='ocrx_word' id='word_1_220' title='bbox 427 3043 462 3105; x_wconf 88' lang='lat' dir='ltr'><strong>ct</strong></span> <span class='ocrx_word' id='word_1_221' title='bbox 488 3037 579 3105; x_wconf 93' lang='lat' dir='ltr'><strong>omni</strong></span> <span class='ocrx_word' id='word_1_222' title='bbox 606 3035 734 3106; x_wconf 84' lang='lat' dir='ltr'><strong>auxilio</strong></span> <span class='ocrx_word' id='word_1_223' title='bbox 761 3036 844 3106; x_wconf 91' lang='lat' dir='ltr'><strong>iuris</strong></span> <span class='ocrx_word' id='word_1_224' title='bbox 871 3036 1027 3104; x_wconf 89' lang='lat' dir='ltr'><strong>canonici</strong></span> <span class='ocrx_word' id='word_1_225' title='bbox 1053 3031 1111 3102; x_wconf 93' lang='lat' dir='ltr'><strong>uel</strong></span> <span class='ocrx_word' id='word_1_226' title='bbox 1127 3031 1237 3105; x_wconf 80' lang='lat' dir='ltr'><strong>ciuilis</strong></span> <span class='ocrx_word' id='word_1_227' title='bbox 1255 3041 1312 3102; x_wconf 88' lang='lat' dir='ltr'><strong>aut</strong></span> <span class='ocrx_word' id='word_1_228' title='bbox 1325 3029 1594 3120; x_wconf 85' lang='lat' dir='ltr'><strong>consuetudinis,</strong></span> 
     </span>
     <span class='ocr_line' id='line_1_27' title="bbox 211 3127 1594 3227; baseline -0.002 -24"><span class='ocrx_word' id='word_1_229' title='bbox 211 3151 275 3227; x_wconf 87' lang='lat' dir='ltr'><strong>per</strong></span> <span class='ocrx_word' id='word_1_230' title='bbox 300 3155 398 3226; x_wconf 68' lang='lat' dir='ltr'><strong>qnam</strong></span> <span class='ocrx_word' id='word_1_231' title='bbox 424 3131 614 3206; x_wconf 78' lang='lat' dir='ltr'><strong>hraiuemodi</strong></span> <span class='ocrx_word' id='word_1_232' title='bbox 641 3143 763 3227; x_wconf 85' lang='lat' dir='ltr'><strong>posset</strong></span> <span class='ocrx_word' id='word_1_233' title='bbox 787 3131 945 3205; x_wconf 86' lang='lat' dir='ltr'><strong>uendioic</strong></span> <span class='ocrx_word' id='word_1_234' title='bbox 971 3129 1149 3226; x_wconf 65' lang='lat' dir='ltr'><strong>impediri„</strong></span> <span class='ocrx_word' id='word_1_235' title='bbox 1182 3129 1240 3202; x_wconf 85' lang='lat' dir='ltr'><strong>oei</strong></span> <span class='ocrx_word' id='word_1_236' title='bbox 1362 3133 1448 3204; x_wconf 84' lang='lat' dir='ltr'><strong>ictus</strong></span> <span class='ocrx_word' id='word_1_237' title='bbox 1475 3127 1594 3201; x_wconf 89' lang='lat' dir='ltr'><strong>archi-</strong></span> 
     </span>
     <span class='ocr_line' id='line_1_28' title="bbox 213 3228 1594 3326; baseline -0.002 -22"><span class='ocrx_word' id='word_1_238' title='bbox 213 3231 375 3306; x_wconf 88' lang='lat' dir='ltr'><strong>diacenus</strong></span> <span class='ocrx_word' id='word_1_239' title='bbox 414 3243 470 3304; x_wconf 89' lang='lat' dir='ltr'><strong>aut</strong></span> <span class='ocrx_word' id='word_1_240' title='bbox 506 3237 559 3307; x_wconf 91' lang='lat' dir='ltr'><strong>sui</strong></span> <span class='ocrx_word' id='word_1_241' title='bbox 585 3255 812 3308; x_wconf 87' lang='lat' dir='ltr'><strong>successores</strong></span> <span class='ocrx_word' id='word_1_242' title='bbox 840 3233 1062 3326; x_wconf 87' lang='lat' dir='ltr'><strong>calumpniam</strong></span> <span class='ocrx_word' id='word_1_243' title='bbox 1104 3233 1178 3302; x_wconf 90' lang='lat' dir='ltr'><strong>siue</strong></span> <span class='ocrx_word' id='word_1_244' title='bbox 1216 3253 1273 3302; x_wconf 89' lang='lat' dir='ltr'><strong>me</strong></span> <span class='ocrx_word' id='word_1_245' title='bbox 1331 3234 1410 3302; x_wconf 83' lang='lat' dir='ltr'><strong>tiam</strong></span> <span class='ocrx_word' id='word_1_246' title='bbox 1449 3228 1594 3324; x_wconf 85' lang='lat' dir='ltr'><strong>aliquam</strong></span> 
     </span>
     <span class='ocr_line' id='line_1_29' title="bbox 212 3329 1594 3427; baseline -0.004 -23"><span class='ocrx_word' id='word_1_247' title='bbox 212 3343 357 3427; x_wconf 83' lang='lat' dir='ltr'><strong>possent</strong></span> <span class='ocrx_word' id='word_1_248' title='bbox 381 3335 461 3426; x_wconf 66' lang='lat' dir='ltr'><strong>pati,</strong></span> <span class='ocrx_word' id='word_1_249' title='bbox 488 3344 522 3405; x_wconf 90' lang='lat' dir='ltr'><strong>et</strong></span> <span class='ocrx_word' id='word_1_250' title='bbox 547 3332 614 3404; x_wconf 90' lang='lat' dir='ltr'><strong>hoc</strong></span> <span class='ocrx_word' id='word_1_251' title='bbox 639 3334 795 3406; x_wconf 86' lang='lat' dir='ltr'><strong>uolunius</strong></span> <span class='ocrx_word' id='word_1_252' title='bbox 823 3355 904 3405; x_wconf 88' lang='lat' dir='ltr'><strong>esse</strong></span> <span class='ocrx_word' id='word_1_253' title='bbox 929 3342 1045 3404; x_wconf 90' lang='lat' dir='ltr'><strong>uotum</strong></span> <span class='ocrx_word' id='word_1_254' title='bbox 1073 3329 1228 3404; x_wconf 89' lang='lat' dir='ltr'><strong>omnibus</strong></span> <span class='ocrx_word' id='word_1_255' title='bbox 1255 3335 1290 3402; x_wconf 89' lang='lat' dir='ltr'><strong>in</strong></span> <span class='ocrx_word' id='word_1_256' title='bbox 1316 3339 1490 3426; x_wconf 90' lang='lat' dir='ltr'><strong>posterum</strong></span> <span class='ocrx_word' id='word_1_257' title='bbox 1507 3351 1594 3425; x_wconf 92' lang='lat' dir='ltr'><strong>pre-</strong></span> 
     </span>
     <span class='ocr_line' id='line_1_30' title="bbox 213 3428 1593 3527; baseline -0.004 -21"><span class='ocrx_word' id='word_1_258' title='bbox 213 3442 331 3506; x_wconf 87' lang='lat' dir='ltr'><strong>sentes</strong></span> <span class='ocrx_word' id='word_1_259' title='bbox 355 3431 487 3506; x_wconf 88' lang='lat' dir='ltr'><strong>litteras</strong></span> <span class='ocrx_word' id='word_1_260' title='bbox 513 3437 730 3527; x_wconf 89' lang='lat' dir='ltr'><strong>inspecturis.</strong></span> <span class='ocrx_word' id='word_1_261' title='bbox 782 3432 826 3504; x_wconf 85' lang='lat' dir='ltr'><strong>Et</strong></span> <span class='ocrx_word' id='word_1_262' title='bbox 851 3441 887 3503; x_wconf 90' lang='lat' dir='ltr'><strong>ut</strong></span> <span class='ocrx_word' id='word_1_263' title='bbox 913 3431 1062 3527; x_wconf 92' lang='lat' dir='ltr'><strong>predicta</strong></span> <span class='ocrx_word' id='word_1_264' title='bbox 1088 3428 1183 3501; x_wconf 85' lang='lat' dir='ltr'><strong>firma</strong></span> <span class='ocrx_word' id='word_1_265' title='bbox 1210 3441 1244 3501; x_wconf 91' lang='lat' dir='ltr'><strong>et</strong></span> <span class='ocrx_word' id='word_1_266' title='bbox 1273 3429 1402 3501; x_wconf 86' lang='lat' dir='ltr'><strong>illibata</strong></span> <span class='ocrx_word' id='word_1_267' title='bbox 1426 3439 1593 3524; x_wconf 88' lang='lat' dir='ltr'><strong>perpetuo</strong></span> 
     </span>
     <span class='ocr_line' id='line_1_31' title="bbox 213 3527 1594 3627; baseline -0.003 -21"><span class='ocrx_word' id='word_1_268' title='bbox 213 3541 445 3627; x_wconf 78' lang='lat' dir='ltr'><strong>permaneant,</strong></span> <span class='ocrx_word' id='word_1_269' title='bbox 471 3531 574 3604; x_wconf 87' lang='lat' dir='ltr'><strong>etad</strong></span> <span class='ocrx_word' id='word_1_270' title='bbox 598 3553 716 3604; x_wconf 91' lang='lat' dir='ltr'><strong>ueram</strong></span> <span class='ocrx_word' id='word_1_271' title='bbox 744 3530 978 3604; x_wconf 84' lang='lat' dir='ltr'><strong>certitudinem</strong></span> <span class='ocrx_word' id='word_1_272' title='bbox 1000 3529 1189 3602; x_wconf 87' lang='lat' dir='ltr'><strong>iaciendum</strong></span> <span class='ocrx_word' id='word_1_273' title='bbox 1206 3527 1358 3602; x_wconf 88' lang='lat' dir='ltr'><strong>dedimus</strong></span> <span class='ocrx_word' id='word_1_274' title='bbox 1371 3527 1594 3602; x_wconf 85' lang='lat' dir='ltr'><strong>fideiussores</strong></span> 
     </span>
     <span class='ocr_line' id='line_1_32' title="bbox 213 3627 1594 3730; baseline -0.004 -26"><span class='ocrx_word' id='word_1_275' title='bbox 213 3631 366 3727; x_wconf 91' lang='lat' dir='ltr'><strong>predicto</strong></span> <span class='ocrx_word' id='word_1_276' title='bbox 376 3631 614 3703; x_wconf 87' lang='lat' dir='ltr'><strong>archidiacono</strong></span> <span class='ocrx_word' id='word_1_277' title='bbox 622 3655 684 3730; x_wconf 95' lang='lat' dir='ltr'><strong>pro</strong></span> <span class='ocrx_word' id='word_1_278' title='bbox 694 3635 877 3720; x_wconf 72' lang='lat' dir='ltr'><strong>mistione,</strong></span> <span class='ocrx_word' id='word_1_279' title='bbox 889 3653 954 3724; x_wconf 91' lang='lat' dir='ltr'><strong>que</strong></span> <span class='ocrx_word' id='word_1_280' title='bbox 963 3627 1594 3724; x_wconf 63' lang='lat' dir='ltr'><strong>vulgoguarangadicitunliein·</strong></span> 
     </span>
     <span class='ocr_line' id='line_1_33' title="bbox 214 3725 1593 3804; baseline -0.001 -2"><span class='ocrx_word' id='word_1_281' title='bbox 214 3735 348 3804; x_wconf 90' lang='lat' dir='ltr'><strong>ricum</strong></span> <span class='ocrx_word' id='word_1_282' title='bbox 375 3727 759 3804; x_wconf 80' lang='lat' dir='ltr'><strong>deBr‘ichbrunneu</strong></span> <span class='ocrx_word' id='word_1_283' title='bbox 782 3725 1593 3802; x_wconf 84' lang='lat' dir='ltr'><strong>etThidericumdictunrdeBiscofsee-</strong></span> 
     </span>
     <span class='ocr_line' id='line_1_34' title="bbox 213 3823 1595 3921; baseline -0.003 -19"><span class='ocrx_word' id='word_1_284' title='bbox 213 3830 501 3921; x_wconf 73' lang='lat' dir='ltr'><strong>heim-milites,</strong></span> <span class='ocrx_word' id='word_1_285' title='bbox 530 3829 1151 3904; x_wconf 88' lang='lat' dir='ltr'><strong>etFridericumZobolonem</strong></span> <span class='ocrx_word' id='word_1_286' title='bbox 1180 3825 1521 3920; x_wconf 85' lang='lat' dir='ltr'><strong>deGutenberg.</strong></span> <span class='ocrx_word' id='word_1_287' title='bbox 1556 3823 1595 3898; x_wconf 88' lang='lat' dir='ltr'><strong>ln</strong></span> 
     </span>
     <span class='ocr_line' id='line_1_35' title="bbox 214 3925 1594 4026; baseline -0.002 -23"><span class='ocrx_word' id='word_1_288' title='bbox 214 3935 309 4004; x_wconf 89' lang='lat' dir='ltr'><strong>onius</strong></span> <span class='ocrx_word' id='word_1_289' title='bbox 337 3935 387 4002; x_wconf 90' lang='lat' dir='ltr'><strong>rei</strong></span> <span class='ocrx_word' id='word_1_290' title='bbox 402 3933 631 4003; x_wconf 86' lang='lat' dir='ltr'><strong>testimonium</strong></span> <span class='ocrx_word' id='word_1_291' title='bbox 659 3943 693 4004; x_wconf 89' lang='lat' dir='ltr'><strong>et</strong></span> <span class='ocrx_word' id='word_1_292' title='bbox 706 3943 901 4026; x_wconf 90' lang='lat' dir='ltr'><strong>perpetuom</strong></span> <span class='ocrx_word' id='word_1_293' title='bbox 924 3933 1123 4001; x_wconf 89' lang='lat' dir='ltr'><strong>memoriam</strong></span> <span class='ocrx_word' id='word_1_294' title='bbox 1145 3926 1336 4000; x_wconf 85' lang='lat' dir='ltr'><strong>futurorum</strong></span> <span class='ocrx_word' id='word_1_295' title='bbox 1354 3925 1594 4000; x_wconf 87' lang='lat' dir='ltr'><strong>archidiacono</strong></span> 
     </span>
     <span class='ocr_line' id='line_1_36' title="bbox 213 4025 1592 4128; baseline -0.003 -26"><span class='ocrx_word' id='word_1_296' title='bbox 213 4029 345 4128; x_wconf 79' lang='lat' dir='ltr'><strong>pretato</strong></span> <span class='ocrx_word' id='word_1_297' title='bbox 371 4042 553 4127; x_wconf 89' lang='lat' dir='ltr'><strong>presentes</strong></span> <span class='ocrx_word' id='word_1_298' title='bbox 580 4030 699 4104; x_wconf 87' lang='lat' dir='ltr'><strong>literas</strong></span> <span class='ocrx_word' id='word_1_299' title='bbox 726 4031 843 4126; x_wconf 82' lang='lat' dir='ltr'><strong>sigillo</strong></span> <span class='ocrx_word' id='word_1_300' title='bbox 870 4027 1027 4104; x_wconf 87' lang='lat' dir='ltr'><strong>officialis</strong></span> <span class='ocrx_word' id='word_1_301' title='bbox 1053 4027 1196 4124; x_wconf 87' lang='lat' dir='ltr'><strong>predicti</strong></span> <span class='ocrx_word' id='word_1_302' title='bbox 1223 4027 1375 4101; x_wconf 87' lang='lat' dir='ltr'><strong>dedimus</strong></span> <span class='ocrx_word' id='word_1_303' title='bbox 1402 4025 1592 4100; x_wconf 86' lang='lat' dir='ltr'><strong>roboratas.</strong></span> 
     </span>
    </p>
   </div>
   <div class='ocr_carea' id='block_1_5' title="bbox 239 4125 1352 4216">
    <p class='ocr_par' dir='ltr' id='par_1_5' title="bbox 239 4125 1352 4216">
     <span class='ocr_line' id='line_1_37' title="bbox 239 4125 1352 4216; baseline -0.001 -2"><span class='ocrx_word' id='word_1_304' title='bbox 239 4172 291 4214; x_wconf 73' lang='lat' dir='ltr'><strong>len.</strong></span> <span class='ocrx_word' id='word_1_305' title='bbox 305 4175 356 4216; x_wconf 73' lang='lat' dir='ltr'><strong>teir.</strong></span> <span class='ocrx_word' id='word_1_306' title='bbox 371 4173 414 4213; x_wconf 81' lang='lat' dir='ltr'><strong>tot.</strong></span> <span class='ocrx_word' id='word_1_307' title='bbox 429 4171 514 4214; x_wconf 79' lang='lat' dir='ltr'><strong>miii,</strong></span> <span class='ocrx_word' id='word_1_308' title='bbox 529 4181 575 4214; x_wconf 77' lang='lat' dir='ltr'><strong>ner.</strong></span> <span class='ocrx_word' id='word_1_309' title='bbox 590 4173 636 4216; x_wconf 83' lang='lat' dir='ltr'><strong>coit.</strong></span> <span class='ocrx_word' id='word_1_310' title='bbox 652 4171 673 4214; x_wconf 82' lang='lat' dir='ltr'><strong>t.</strong></span> <span class='ocrx_word' id='word_1_311' title='bbox 1215 4125 1264 4199; x_wconf 75' lang='grc'><strong>68</strong></span> <span class='ocrx_word' id='word_1_312' title='bbox 1347 4204 1352 4213; x_wconf 92' lang='grc'>.</span> 
     </span>
    </p>
   </div>
   <div class='ocr_carea' id='block_1_6' title="bbox 0 0 1924 4728">
    <p class='ocr_par' dir='ltr' id='par_1_6' title="bbox 0 0 1924 4728">
     <span class='ocr_line' id='line_1_38' title="bbox 0 0 1924 4728; baseline 0 0"><span class='ocrx_word' id='word_1_313' title='bbox 0 0 1924 4728; x_wconf 95' lang='lat' dir='ltr'><strong> </strong></span> 
     </span>
    </p>
   </div>
  </div>
 </body>
</html>
