3794 4722
316 484 364 558 82
894 475 1113 556 llouuneutu

319 682 430 781 siquid
454 685 490 756 in
514 681 568 754 his
594 677 806 754 commodius
833 683 990 754 mnoaari
1024 689 1060 752 et
1096 683 1132 753 in
1165 679 1288 756 mehus
1324 681 1523 755 commutari
1556 679 1693 779 poterit,

316 805 382 858 nec
407 781 475 855 boc
500 779 776 856 dissimulandum
803 802 870 853 nec
888 779 1107 854 omittendum
1131 779 1220 852 iore.
1270 782 1378 855 Huius
1403 786 1516 877 itaque
1540 785 1693 854 reicon-

316 883 537 979 templatione
565 901 684 954 omnes
709 889 778 954 tam
804 880 907 952 futuri
932 901 1031 976 quam
1054 883 1225 978 presentis
1251 885 1416 980 temporis
1431 882 1557 954 Christi
1572 879 1692 953 bdcles

314 983 473 1057 uolumus
500 1001 742 1077 cognoscere,
768 979 914 1075 qualiter
951 979 1060 1071 diuine
1087 979 1321 1076 dispositionis
1353 985 1537 1054 uocatione
1570 980 1693 1052 cathe-

313 1081 442 1156 dralem
469 1081 589 1156 sedem
601 1079 903 1174 werzeburgensis
929 1080 1079 1172 ecclesie
1092 1081 1203 1178 adepti
1227 1093 1359 1172 cuncta,
1385 1105 1448 1178 que
1470 1081 1512 1154 ad
1527 1080 1693 1153 honorem

313 1193 348 1256 et
374 1181 536 1256 decorem
562 1205 581 1253 a
606 1179 912 1277 predecessoribus
938 1183 1067 1252 nostris
1094 1181 1247 1252 eiusdem
1274 1185 1420 1254 ciuitatis
1447 1181 1543 1253 clero
1565 1191 1633 1254 tam
1658 1183 1693 1252 in

313 1282 626 1372 consuetudinario,
652 1301 750 1374 quam
777 1282 811 1351 in
837 1283 911 1352 iure
938 1283 1066 1376 scripto
1105 1291 1183 1354 sunt
1208 1293 1331 1354 statuis
1368 1292 1404 1354 et
1440 1281 1589 1372 indulta,
1627 1303 1693 1352 nos

312 1405 446 1480 quoque
471 1392 591 1455 nostra
614 1383 680 1452 rati
705 1377 877 1452 habitione
903 1379 1243 1453 corroborauerimus
1283 1391 1317 1453 et
1341 1384 1482 1477 insuper
1504 1380 1565 1470 id,
1604 1380 1694 1476 quod

312 1505 420 1577 usque
447 1480 490 1552 ad
513 1481 577 1573 hec
600 1489 755 1574 tempora
781 1479 868 1576 apud
893 1483 989 1576 ipsos
1003 1480 1177 1552 obtentum
1198 1481 1271 1572 luit,
1295 1491 1332 1552 ut
1354 1481 1515 1552 uidelicet
1528 1479 1693 1553 defuncto

311 1581 417 1654 iratre
443 1602 563 1652 eorum
598 1578 710 1672 aliquo
747 1577 966 1673 prebendalia
1002 1589 1128 1651 tantum
1164 1581 1207 1651 ad
1240 1584 1448 1652 tricesimum
1487 1579 1598 1653 obitus
1639 1583 1693 1653 sui

314 1681 402 1752 diern
428 1678 593 1752 desolatis
619 1677 810 1750 hominibus
837 1683 908 1750 suis
935 1677 1096 1751 darenter
1122 1679 1311 1776 stipendia,
1353 1681 1397 1752 ob
1434 1683 1549 1775 iugem
1583 1685 1693 1753 nostri

314 1783 512 1852 memoriam
537 1787 571 1849 et
596 1776 854 1849 retributionem
880 1787 1033 1850 eternam
1072 1783 1106 1851 in
1130 1779 1252 1852 mellus
1280 1781 1516 1851 commutando
1544 1781 1693 1876 amplia-

313 1883 473 1952 uerimus.
523 1876 676 1950 Noscant
701 1899 788 1972 ergo
814 1881 979 1968 uniuersi,
1005 1879 1095 1976 quod
1120 1901 1185 1952 nos
1212 1890 1246 1952 et
1271 1904 1338 1952 una
1353 1879 1530 1952 nobiscum
1545 1879 1691 1952 dilectus

312 1983 434 2052 nester
458 1975 684 2052 Heroldus
711 1979 818 2054 maior
842 1981 1038 2073 prepositus
1064 2001 1126 2074 pro
1143 1979 1315 2074 peticione
1342 1989 1376 2050 et
1389 1977 1572 2052 dilectione
1586 1983 1692 2052 totius
1749 2023 1757 2036 ·

312 2077 614 2172 werzeburgensis
642 2077 728 2148 cleri
754 2081 990 2152 concessimus
1030 2087 1064 2149 et
1103 2077 1267 2178 decretali
1300 2082 1468 2152 sententia
1496 2073 1692 2151 diffiniendo

310 2181 480 2252 communi
505 2179 654 2250 omnium
679 2175 866 2249 accedente
892 2187 974 2250 uoto
1000 2183 1189 2267 statuimus,
1215 2183 1370 2274 quatinus
1397 2177 1439 2250 de
1465 2189 1583 2252 cetero
1607 2189 1690 2274 post

311 2289 455 2352 mortem
481 2279 644 2374 cuiusque
669 2279 779 2350 nostri
804 2277 919 2348 fratris
945 2281 1019 2350 siue
1046 2277 1087 2349 de
1112 2282 1233 2350 maiori
1256 2277 1371 2369 domo,
1398 2281 1471 2352 siue
1498 2277 1540 2350 de
1556 2289 1692 2368 monte,

313 2383 388 2452 siue
425 2379 467 2452 da
501 2399 594 2452 nouo
629 2380 838 2450 monasterio
873 2399 920 2449 ex
951 2380 1087 2472 integro
1124 2377 1298 2474 prehende
1337 2401 1397 2470 sue
1437 2379 1606 2474 stipendia
1632 2401 1695 2476 per

312 2484 415 2552 totius
441 2481 520 2550 anni
554 2480 704 2576 spacium
738 2477 780 2549 ad
807 2476 1079 2550 commoditatem
1106 2478 1254 2550 defuncti
1296 2490 1394 2551 caute
1432 2490 1467 2550 et
1505 2479 1694 2552 honorilice

313 2601 375 2650 seu
400 2601 462 2674 pro
490 2577 720 2652 exonerandis
745 2575 867 2650 debitis
902 2599 964 2650 eeu
1000 2599 1063 2672 pro
1098 2579 1258 2650 mercede
1285 2578 1498 2651 exsoluenda
1525 2583 1690 2653 seruien-

313 2677 400 2750 tibus
427 2677 484 2750 uel
510 2682 657 2775 propriis
683 2679 880 2749 ministeriis
917 2698 978 2748 seu
1013 2679 1048 2748 in
1080 2680 1187 2772 ipsius
1221 2677 1496 2751 honorabiliores
1523 2681 1690 2774 exequias

313 2776 542 2878 preparandus
568 2777 626 2851 uel
650 2779 686 2848 in
711 2775 796 2849 alias
822 2779 957 2872 pietatis
975 2799 1097 2850 causas
1112 2777 1357 2873 expendantur,
1383 2783 1577 2874 quaomnia
1597 2783 1693 2850 iuxta

313 2875 572 2971 dispositionem
599 2877 715 2949 fratris
741 2880 948 2972 premortoi,
986 2879 1014 2949 si
1053 2899 1150 2972 quern
1177 2877 1267 2950 forte
1292 2877 1400 2950 adhuc
1425 2882 1545 2950 uiuens
1572 2877 1694 2950 dicitur

312 2975 455 3066 iecisse,
481 2975 736 3072 adimpleantur,
765 2979 816 3048 sin
843 2985 968 3066 autem,
993 2976 1050 3048 uel
1077 2981 1106 3049 si
1132 2977 1210 3072 quid
1235 2981 1344 3050 minus
1370 3000 1433 3074 pro
1460 2979 1600 3051 arbitrio
1625 2979 1693 3050 de-

314 3079 390 3148 cani
417 3085 452 3148 et
477 3075 621 3148 aliorum
646 3075 1004 3150 fideicomissariorunt
1031 3099 1182 3168 suorum,
1208 3099 1270 3172 pro
1296 3089 1333 3149 ut
1360 3081 1559 3174 oportunius
1586 3075 1693 3149 etubi

312 3175 389 3272 plus
428 3179 662 3252 necessarium
689 3179 934 3268 cognouerint,
972 3175 1154 3272 diligenter
1190 3188 1224 3248 et
1262 3175 1407 3249 fideliter
1440 3196 1503 3272 pro
1538 3177 1692 3250 remedio

314 3279 423 3368 anime
452 3277 559 3372 ipsius
587 3273 836 3348 distribuantur.
888 3275 935 3348 Vt
962 3287 1073 3348 autern
1099 3275 1164 3348 hec
1190 3287 1257 3350 tam
1283 3275 1494 3350 rationabilis
1524 3277 1692 3350 ordinatio

312 3385 446 3471 iamque
474 3375 738 3448 commendanda
764 3375 976 3448 humanitatis
1003 3378 1121 3448 intuito
1148 3375 1370 3472 dispensatio,
1396 3377 1687 3472 approbataquo-

313 3497 379 3571 que
404 3497 501 3548 more
528 3487 563 3547 et
587 3499 651 3548 usu
677 3479 907 3568 monguntine,
933 3487 1050 3567 nostre
1085 3475 1218 3547 scilicet
1244 3476 1504 3571 metropolitane
1531 3479 1692 3569 ecclesie,

313 3574 402 3672 apud
427 3597 493 3648 nos
520 3579 621 3648 etlam
647 3585 721 3648 rata
747 3587 781 3646 et
806 3574 1020 3646 immutabilis
1047 3578 1081 3646 in
1109 3599 1210 3648 omne
1225 3597 1323 3648 auum
1347 3589 1556 3671 permaneat,
1583 3581 1691 3672 ipsam

313 3679 347 3748 in
375 3677 500 3770 scripta
526 3675 650 3770 redigi,
677 3697 819 3768 eamque
845 3678 1073 3769 impressione
1100 3676 1218 3771 sygilli
1244 3679 1354 3748 nostrl
1380 3679 1578 3750 communiri
1605 3697 1691 3772 pre-

313 3777 485 3870 cepimus,
521 3775 698 3850 subiuucta
730 3769 890 3845 horrendi
927 3774 1148 3846 anathematis
1185 3779 1447 3850 comminatione
1483 3781 1518 3850 in
1554 3797 1691 3852 ornnem

312 3871 485 3948 hominem
511 3873 590 3946 huic
614 3884 734 3948 nostro
761 3883 850 3964 tante
876 3876 1010 3967 pietatis
1037 3873 1177 3948 decreto
1212 3878 1246 3946 ui
1280 3875 1338 3948 uel
1363 3875 1482 3948 frauda
1515 3899 1578 3950 seu
1604 3877 1691 3950 alias

313 3973 590 4069 qualitercunque
617 3975 799 4046 temerario
825 3995 914 4044 ausu.
936 3976 970 4046 in
996 3977 1202 4046 contrarium
1228 3979 1348 4048 uenire
1374 3977 1558 4053 uolentem.

413 4071 516 4146 Facta
542 4083 620 4148 sunt
646 4073 710 4146 hec
734 4071 980 4168 postulantibus
1016 4083 1049 4145 et
1076 4074 1310 4148 attestantibus
1347 4075 1547 4172 subscriptis
1573 4087 1691 4168 nostre

314 4169 460 4265 ecclesie
495 4171 667 4264 iratribus,
692 4169 845 4245 Heroldo
871 4171 1030 4245 uidelicet
1056 4177 1176 4246 maiori
1191 4179 1379 4271 preposito,
1405 4176 1525 4250 Persio
1546 4175 1691 4268 decano,
