3838 4728
325 444 399 526 554
911 433 1133 510 llonumonts

327 645 512 726 conuentni
535 645 571 718 in
597 659 734 714 suarum
761 634 948 712 subsidium
973 631 1222 730 prebendarum
1260 638 1296 702 et
1329 640 1366 702 ut
1399 628 1526 704 cultum
1567 626 1717 701 diuinum

326 749 362 822 in
387 749 465 840 ipso
491 743 703 818 monasterio
730 760 795 810 sno
824 757 994 812 exercere
1009 734 1152 809 liberius
1176 729 1317 805 valeant
1340 735 1375 805 in
1392 733 1567 824 proprium
1583 727 1716 817 demm,

326 845 489 926 tradimus
516 853 552 916 ct
568 841 749 928 donamus,
775 836 868 908 illem
885 839 920 908 in
935 839 1044 930 ipsum
1058 833 1303 906 monasterium
1318 829 1367 904 W
1378 827 1717 904 ethorswinltel

210 1006 225 1017 ..
327 967 405 1024 eum
432 947 524 1018 omni
560 945 635 1016 inre
673 949 708 1012 et
744 938 892 1011 vulitate
929 939 963 1008 iu
998 934 1063 1008 hiis
1091 930 1309 1029 presentibus
1336 929 1590 1005 transferentes
1616 928 1718 1002 titolo

326 1048 414 1121 meri
438 1046 568 1140 proprii
593 1049 760 1137 perpetuo
785 1034 1039 1133 possidendam.
1074 1032 1112 1108 ln
1139 1036 1234 1105 cuius
1261 1040 1381 1104 nostre
1397 1029 1593 1105 donationis
1610 1031 1716 1102 testi-

327 1148 478 1222 montem
503 1152 688 1238 presentes
714 1140 845 1212 littores
860 1139 1073 1231 appensione
1087 1132 1194 1226 sigilli
1207 1133 1318 1204 nostri
1334 1130 1490 1204 duximus
1504 1128 1718 1206 muniendos.

327 1246 449 1324 Datum
475 1241 665 1338 Herbipoli,
691 1261 780 1316 enno
816 1237 943 1310 domini
969 1232 1187 1310 dcccxxx
1212 1233 1343 1320 tercio,
1380 1228 1539 1306 kelmes
1570 1227 1718 1324 Aprilis,

327 1343 545 1441 pontificatus
573 1344 684 1418 nostri
711 1361 801 1415 enno
827 1359 933 1412 nono.

538 1540 675 1626 Sigillum
697 1537 794 1602 deest.

937 1975 1116 2048 cntxvt.

688 2181 778 2244 Anno
804 2173 907 2256 1283,
933 2173 962 2240 7.
986 2176 1064 2257 lleii,
1087 2175 1166 2257 epud
1187 2173 1363 2239 Werthelm.

330 2365 562 2457 Methehildis,
588 2365 710 2436 relicta
738 2363 906 2459 quondam
932 2363 1058 2436 nobilis
1084 2364 1151 2435 viri
1170 2362 1345 2456 Bnpponis
1373 2363 1509 2433 comitis
1536 2359 1721 2434 deWert-

331 2468 434 2554 heim,
462 2465 630 2540 Rudolius
657 2486 776 2538 comes
814 2463 859 2536 de
885 2462 1080 2536 Wartheim
1119 2471 1154 2532 et
1177 2461 1300 2533 Mensa
1331 2483 1422 2534 uxor
1456 2463 1535 2534 eius
1569 2460 1723 2533 decimas

331 2572 370 2644 in
405 2567 492 2642 uilla
525 2565 682 2655 Grunen,
725 2587 808 2659 quas
848 2587 868 2634 a
906 2563 1046 2635 domino
1077 2561 1241 2636 liettoldo
1281 2561 1515 2657 herbipolensi
1556 2563 1723 2658 episcopo

332 2671 367 2739 in
394 2667 499 2740 feodo
526 2665 715 2756 habebant,
750 2668 824 2737 cius
863 2673 900 2734 at
925 2663 1062 2758 cupiunli
1095 2683 1270 2735 consensu
1295 2665 1507 2735 monasterio
1534 2664 1569 2734 in
1597 2661 1722 2734 Coeli-

880 2774 980 2858 porte
1005 2761 1167 2834 vendunt.

432 2935 636 3010 innomine
662 2933 790 3006 domini
816 2955 926 3006 nmen.
977 2931 1052 3012 Nos
1078 2932 1373 3006 diethehildis
1399 2933 1522 3008 relicto
1554 2929 1726 3026 quandem

334 3034 461 3110 nobilis
488 3038 554 3108 uiri
579 3034 810 3129 Bnpponis
838 3034 972 3105 comitis
991 3033 1035 3105 de
1059 3031 1326 3124 wertheim,
1351 3031 1576 3106 liudolfus
1605 3053 1728 3109 comet

335 3133 378 3208 dc
405 3133 661 3211 Wertheim
688 3143 723 3205 et
747 3132 898 3206 dlennu
913 3155 1005 3206 vxor
1022 3136 1096 3206 eius
1115 3137 1403 3228 recognoscimus
1423 3136 1578 3229 presenti
1594 3135 1727 3228 scripto

334 3233 474 3332 putttee
501 3244 537 3308 et
562 3232 605 3306 nd
629 3236 791 3306 noticiam
817 3237 1028 3328 presentium
1062 3244 1098 3306 et
1123 3233 1314 3306 futurorum
1348 3235 1502 3330 commus
1527 3235 1726 3330 peruenire,

335 3333 427 3430 qnod
451 3333 679 3425 vendidimus,
706 3333 904 3408 tradidimus
930 3344 964 3407 et
989 3333 1053 3406 hiis
1081 3337 1116 3406 in
1142 3337 1279 3430 scriptis
1305 3335 1486 3408 vendimus
1514 3344 1549 3408 et
1562 3333 1729 3407 tradimus

335 3433 378 3510 de
404 3456 579 3508 consensu
604 3434 767 3508 heredum
793 3445 991 3508 nostrorum
1017 3433 1168 3508 decimes
1201 3443 1341 3507 nostras
1366 3438 1402 3506 in
1427 3435 1515 3507 ville
1539 3434 1727 3523 Grusen,

334 3536 487 3610 mulotes
513 3544 549 3606 ct
573 3538 742 3625 minume,
780 3557 856 3608 cum
893 3533 1048 3608 omnibns
1087 3539 1161 3608 suis
1194 3537 1388 3610 attinenciis
1424 3537 1569 3631 quesitis
1596 3547 1633 3606 et
1656 3555 1729 3606 non

335 3637 492 3731 quesitis,
518 3655 602 3730 quas
628 3658 649 3708 a
674 3633 870 3708 reuerendo
896 3645 994 3731 patre
1020 3635 1158 3708 domino
1184 3643 1307 3710 nostro
1340 3635 1566 3710 Bertoldo
1602 3633 1729 3708 herbl-

335 3735 476 3831 polensi
500 3737 666 3830 episcopo
692 3739 728 3810 in
752 3735 857 3808 feodo
883 3735 1076 3826 debuimus,
1102 3757 1165 3808 suo
1193 3739 1313 3830 suique
1327 3735 1468 3832 capituli
1482 3733 1729 3808 accedentibus

338 3855 517 3908 consmtsn
540 3839 669 3930 puriter
695 3846 732 3908 ot
755 3835 948 3927 uoluntate,
974 3835 1109 3908 deuotis
1137 3836 1467 3928 sanctimonialibus,
1493 3837 1663 3912 uidelicet
1690 3891 1725 3907 ..

337 3933 513 4010 mbum'sse
548 3944 584 4006 ct
606 3939 794 4010 concentui
817 3939 1019 4009 monasterii
1055 3938 1090 4006 in
1117 3933 1374 4032 Geliporta,
1413 3937 1546 4012 erucis
1582 3947 1728 4034 cyster-

338 4035 484 4126 ciensis,
505 4033 760 4130 hilipolensis
788 4035 973 4132 dyocesis,
1009 4039 1086 4106 iure
1111 4041 1330 4132 proprietatis
1357 4048 1527 4134 perpetuo
1553 4037 1731 4112 mom
