3838 4728
669 442 887 535 episcopatus
913 381 1211 533 wirziburgensis.
1563 435 1641 512 eae

254 651 290 715 et
314 639 457 737 capellis
483 638 596 712 weidem
631 641 776 712 annexis
813 634 1038 730 omnibusque
1063 635 1206 728 iuribus,
1232 633 1444 710 libertatibus
1472 647 1506 710 et
1530 641 1644 734 perti·

253 743 386 816 nenoiis
412 743 505 830 suis,
546 759 686 834 quarum
722 741 796 810 iura
833 745 1032 832 patronatus
1059 736 1102 810 ad
1127 735 1351 812 honorabiles
1377 739 1475 810 uiros
1503 791 1510 808 .
1539 792 1547 810 .
1576 737 1644 812 ab·-

253 841 367 914 batem
382 849 417 912 et
442 849 647 912 conuentum
671 838 873 912 monasterii
898 838 933 906 in
959 835 1204 932 Kamberg,
1232 836 1361 910 ordinis
1388 839 1498 910 sancti
1522 837 1643 912 Bene-

254 941 347 1031 dicti,
372 949 494 1015 nostre
519 938 706 1036 dyocesis,
745 936 787 1010 ab
830 938 967 1030 antiquo
1003 939 1179 1034 pertinere
1210 945 1421 1026 noscuntur,
1462 935 1564 1010 vohis
1601 937 1644 1011 de

254 1041 434 1114 voluntate
474 1049 509 1114 et
548 1060 723 1112 consensu
765 1039 945 1132 expressis
972 1035 1105 1108 abbatis
1133 1047 1168 1113 et
1194 1047 1385 1112 conuentus
1414 1037 1645 1134 predictorum

254 1140 359 1238 pleno
385 1143 461 1212 iure
484 1142 705 1236 proprietatis
733 1147 768 1210 et
792 1139 1033 1233 possessionis
1062 1135 1228 1210 donamus
1267 1147 1302 1210 et
1328 1137 1580 1228 concedimus,
1610 1141 1644 1210 in

255 1262 324 1314 vos
365 1238 506 1313 easdem
544 1238 780 1334 parrochiales
816 1236 985 1309 ecclesias
1025 1259 1101 1308 cum
1143 1237 1286 1334 capellis
1325 1247 1359 1308 et
1395 1235 1530 1312 filiabus
1571 1239 1643 1309 suis

257 1337 482 1433 omnibusque
498 1337 641 1426 iuribus,
666 1339 889 1433 pertinenciis
916 1348 951 1408 et
975 1335 1191 1410 libertatibus
1218 1341 1367 1432 ipsorum
1402 1337 1444 1409 de
1471 1357 1645 1410 consensu

256 1451 292 1513 et
320 1440 502 1512 voluntate
529 1436 659 1509 abbatis
687 1447 721 1508 et
746 1446 936 1508 conuentus
964 1436 1152 1508 eorundem
1188 1459 1264 1510 cum
1303 1435 1407 1532 pleno
1433 1459 1547 1508 rerum
1574 1437 1645 1509 do-

257 1541 363 1613 minio
388 1537 650 1611 transferentes.
701 1536 746 1608 Et
769 1534 860 1630 quod
885 1534 1015 1606 fructus
1043 1557 1084 1606 ao
1109 1546 1298 1630 prouentus
1323 1535 1549 1631 predictarum
1578 1559 1643 1608 ec-

257 1640 442 1712 clesiarum
468 1640 503 1709 in
532 1636 719 1710 subsidium
745 1645 941 1708 uestrarum
976 1633 1227 1730 prebendarum
1255 1645 1462 1708 conuertere
1489 1639 1644 1732 possitis,

257 1761 333 1812 cum
358 1739 579 1828 vacauerint,
605 1736 741 1832 plenam
775 1734 888 1824 vobis,
915 1734 1102 1805 accedente
1129 1755 1304 1806 consensu
1332 1733 1463 1806 abbatis
1491 1745 1526 1807 et
1552 1757 1643 1808 con-

257 1847 380 1911 nentus
408 1839 566 1933 superius
596 1856 856 1932 expressorum,
882 1855 945 1930 per
971 1843 1154 1929 presentes
1182 1833 1401 1906 concedimus
1428 1834 1643 1924 facultatem3

258 1941 307 2010 ita
332 1948 460 2029 tamem
498 1935 587 2032 quod
614 1959 695 2008 cura
722 1937 908 2006 animarum
944 1936 978 2005 in
1015 1932 1146 2005 eisdem
1173 1933 1333 2006 ecclesiis
1361 1937 1498 2006 minime
1523 1935 1643 2028 negli-

261 2049 365 2134 gatur
391 2035 548 2133 quodque
573 2033 706 2132 prefate
736 2033 954 2132 parochiales
983 2032 1137 2106 ecclesie
1158 2043 1345 2130 perpetuos
1371 2033 1517 2106 habeant
1542 2037 1644 2106 vica-

258 2143 347 2228 rios,
372 2137 493 2233 quihus
519 2146 649 2208 tantum
675 2134 718 2207 de
743 2139 894 2230 ipsorum
920 2131 1145 2234 prouentihus
1169 2133 1391 2230 relinquatur,
1430 2135 1519 2229 quod
1545 2139 1644 2232 epis·

260 2260 350 2334 copo
378 2247 414 2310 et
440 2236 695 2334 archidyacono
724 2235 807 2326 loci,
835 2237 890 2328 qui
915 2255 979 2327 pro
998 2243 1155 2328 tempore
1173 2233 1312 2322 fuerint,
1339 2231 1380 2306 de
1408 2237 1478 2306 suis
1505 2233 1646 2310 valcant

257 2337 388 2410 iuribus
427 2335 652 2430 respondere.
704 2333 750 2406 Ut
784 2343 896 2405 autem
930 2331 995 2404 hec
1028 2343 1148 2404 nostra
1182 2331 1319 2405 donatio
1348 2355 1423 2404 cum
1452 2333 1583 2406 abbatis
1611 2346 1646 2408 et

260 2446 450 2509 conuentus
476 2433 706 2530 predictorum
733 2453 907 2506 consensu
928 2431 1019 2502 facta
1047 2429 1203 2503 omnibus
1222 2430 1360 2528 patefiet
1386 2443 1420 2505 et
1444 2433 1549 2506 robor
1576 2435 1644 2507 ob-

258 2539 367 2608 tineat
403 2533 570 2606 firmitdtis
618 2555 685 2605 nec
709 2532 782 2606 vlla
810 2553 914 2626 super
941 2553 983 2602 ea
1008 2533 1043 2601 in
1069 2541 1246 2628 posterum
1272 2537 1405 2626 questio
1433 2533 1492 2605 vel
1519 2533 1646 2606 dubie-

201 2687 205 2695 ·
260 2640 343 2710 tatis
379 2634 559 2730 scrupulus
599 2635 749 2721 oriatur,
784 2641 981 2727 presentem
1019 2635 1178 2725 paginam
1217 2631 1343 2704 exinde
1371 2633 1542 2706 conscribi
1567 2638 1646 2706 ins-

260 2739 366 2812 simus
384 2745 418 2806 et
435 2733 628 2828 sigillorum
646 2735 769 2820 nostri,
796 2729 928 2803 abbatis
947 2741 981 2802 et
999 2741 1189 2803 conuentus
1217 2734 1251 2804 in
1265 2731 1481 2828 bamberg
1507 2757 1646 2808 memo-

260 2847 412 2910 ratorum
439 2830 703 2930 appensionibus
730 2831 875 2904 lecimus
915 2833 1116 2902 conmuniri.
1166 2827 1241 2904 Nos
1267 2833 1513 2906 Bertoldus
1541 2833 1645 2908 abbas

261 2946 295 3008 et
321 2943 511 3008 conuentus
550 2935 751 3006 monasterii
786 2934 821 3002 in
855 2929 1100 3025 Kamberg,
1140 2929 1269 3004 ordinis
1312 2935 1420 3006 sancti
1456 2935 1646 3026 Benedicti,

259 3033 512 3131 herbipolensis
549 3033 733 3130 dyocesis,
776 3030 996 3103 donationem
1033 3043 1067 3104 et
1101 3035 1367 3106 concessionem
1400 3033 1644 3130 parochialium

260 3135 507 3222 ecclesiarum,
556 3135 714 3230 superius
762 3151 1027 3226 expressarum,
1077 3141 1184 3202 ratam
1224 3142 1258 3202 et
1300 3143 1432 3226 gratam
1466 3133 1645 3226 habentes,

261 3235 370 3308 eidem
397 3233 572 3308 donationi
598 3243 633 3306 et
658 3233 879 3306 concessioni
921 3251 1091 3325 expresse
1117 3239 1152 3302 et
1178 3253 1224 3302 ex
1251 3243 1345 3304 certa
1372 3237 1524 3306 sciencia
1551 3257 1644 3308 con-

261 3338 427 3408 sentimus
454 3343 489 3406 et
521 3335 557 3406 in
593 3331 735 3404 euidens
774 3333 1005 3404 testimoninm
1043 3334 1190 3402 omnium
1217 3335 1464 3426 premissorum
1491 3337 1646 3429 presenti

259 3437 386 3530 pagine
422 3431 536 3527 sigilla
572 3441 692 3506 nostra
727 3429 884 3504 duximus
925 3427 1157 3524 appendenda.
1214 3431 1339 3503 Actum
1364 3431 1407 3504 V.
1443 3433 1518 3506 idus
1552 3433 1645 3528 llaij,

260 3531 476 3630 pontificatus
502 3534 613 3605 nostri
639 3527 843 3620 annoXlll.,
869 3551 958 3602 anno
984 3551 1071 3602 vero
1099 3527 1226 3604 domini
1242 3529 1461 3606 MCCLXXX
1488 3538 1646 3632 septimo,

259 3629 478 3728 presentibus
515 3629 724 3725 llanegoldo
773 3629 816 3702 de
849 3625 1038 3723 Noenburg
1072 3631 1273 3725 preposito,
1312 3629 1460 3706 Alberto
1502 3633 1646 3725 decano,

262 3731 417 3830 Symono
443 3729 487 3802 de
504 3727 633 3804 Slitese
658 3739 813 3820 cantore,
837 3727 1015 3804 briderioo
1037 3727 1079 3802 de
1094 3729 1307 3824 hohenburg
1332 3736 1542 3828 portenario,
1566 3733 1644 3808 Ar-

260 3829 366 3905 noldo
392 3829 448 3902 die
475 3827 688 3926 Spiensheim
715 3826 877 3918 custode,
917 3827 1114 3901 Wernhero
1143 3829 1185 3902 de
1212 3831 1456 3928 Tannenberg,
1480 3832 1643 3908 Heinrico

261 3931 305 4006 de
319 3928 520 4016 Wechmar,
539 3927 725 4002 ludewico
747 3928 789 4000 de
804 3926 1030 4022 hohenberg,
1055 3931 1222 4024 magistro
1249 3929 1421 4026 Gregorio
1449 3931 1642 4010 etAlherto

263 4031 305 4104 de
344 4029 588 4106 Leuwenstein
629 4025 903 4126 archidyaconis,
939 4027 1093 4104 Rudollo
1137 4029 1180 4104 de
1214 4029 1401 4107 Hurnheim
1445 4031 1645 4122 scolastico,

288 4173 340 4213 lou.
352 4172 406 4215 totu
419 4171 463 4214 vat.
477 4170 564 4213 mm
578 4179 623 4211 rou.
639 4171 685 4214 cett.
700 4169 723 4213 t.
1264 4131 1313 4204 75
