3838 4728
613 465 830 563 episcopatus
855 459 1153 558 wirciburgensis.
1514 461 1586 537 527

203 685 279 740 mne
312 667 456 760 gratim
495 663 538 736 ua
573 683 745 737 consensu
782 663 917 760 capituli
952 666 1061 736 nostri
1096 683 1287 760 expresso,
1324 663 1413 760 prud
1447 661 1587 738 aiesto

203 769 315 842 sancti
340 765 475 839 bladini
506 785 597 838 nnnc
631 767 790 860 proximo
816 785 878 862 per
910 763 1028 835 decem
1063 785 1171 836 annos
1208 766 1368 837 continue
1401 775 1587 858 sequentes

202 865 303 940 uubis
327 869 526 962 nostrisque
552 864 814 939 successoribus
842 865 990 958 singulis¹
1015 868 1112 936 annis
1138 867 1171 936 in
1198 864 1289 940 iesto
1317 867 1426 940 sancti
1451 865 1588 938 Martini

204 971 357 1044 seruiunt
381 977 507 1040 tantum
542 969 576 1038 in
609 965 704 1037 mille
729 961 826 1038 libris
862 963 1076 1052 hallensium,
1112 975 1146 1036 et
1172 965 1314 1038 eosdem
1348 965 1368 1037 J
1378 964 1518 1038 udeos
1553 967 1588 1038 in

206 1090 339 1162 genere
365 1067 424 1140 vel
450 1071 484 1140 in
512 1065 816 1162 spectantium
843 1065 909 1137 alia
934 1087 1077 1161 prorsus
1104 1067 1253 1138 seruicia
1274 1063 1519 1162 conpellemus.
1550 1063 1588 1136 Si

207 1189 294 1240 uero
321 1167 408 1240 iutra
434 1167 607 1264 predictos
635 1165 753 1239 decem
790 1187 899 1238 annos
932 1165 1087 1238 dominus
1122 1175 1241 1240 noster
1267 1167 1499 1239 Romanorum
1524 1186 1589 1236 rex

146 1325 149 1332 .
208 1271 474 1358 serenissimus,
509 1271 585 1340 siue
611 1267 798 1340 Romanum
828 1269 1003 1362 imperium
1035 1265 1077 1338 ab
1103 1265 1234 1342 eisdem
1261 1267 1417 1338 Jutleis
1444 1265 1589 1364 aliquam

210 1371 432 1442 exacciouem
460 1372 688 1465 pecuniariam
715 1378 924 1462 extorquere
950 1367 1008 1438 uel
1035 1365 1120 1458 alius
1148 1365 1190 1438 ad
1215 1368 1281 1439 ulia
1305 1387 1425 1440 eorum
1445 1367 1590 1442 forsitan

209 1471 407 1564 gruuaminu
431 1467 611 1554 intendere
636 1471 821 1554 niteretur,
855 1489 919 1539 nos
946 1471 1041 1562 ipsos
1068 1465 1235 1540 ludens
1263 1468 1419 1562 singulos
1447 1477 1481 1538 et
1507 1469 1590 1539 vni-

209 1562 332 1644 uersus
359 1569 401 1641 ub
427 1567 617 1642 huiusmodi
644 1567 829 1639 defendere
855 1579 890 1638 ct
916 1577 1138 1640 manutenere
1163 1570 1402 1664 promittimus,
1428 1566 1460 1640 in
1477 1590 1590 1664 quan-

208 1661 402 1747 tutu‘nubis
428 1689 487 1741 res
512 1678 695 1764 suppetunt
727 1678 762 1739 et
784 1689 955 1764 persona,
990 1677 1025 1740 et
1059 1669 1089 1741 si
1122 1691 1168 1740 ex
1200 1679 1321 1742 nostre
1353 1667 1590 1766 possibilitatis

209 1769 357 1860 deiectu,
382 1769 472 1844 ultra
497 1791 596 1864 quam
621 1768 669 1839 nil
694 1777 814 1856 restat,
842 1770 926 1864 ipsis
956 1765 1082 1840 adesse
1108 1765 1318 1842 detensionis
1345 1767 1495 1866 presidio
1522 1790 1592 1844 non

209 1892 420 1968 possemus,
446 1881 573 1942 extunc
598 1867 754 1941 omnibns
780 1868 938 1942 tuucts
964 1865 1281 1965 herbipolensibus,
1308 1873 1363 1966 qui
1389 1867 1456 1940 boc
1483 1869 1592 1966 ipsum

212 1993 232 2044 a
258 1969 360 2046 nubis
374 1973 604 2064 requisierint,
630 1971 847 2043 securitatem
871 1971 983 2042 nostri
1009 1967 1209 2059 conductus,
1225 1977 1292 2042 tam
1306 1969 1341 2040 in
1356 1967 1474 2059 rebus,
1494 1991 1593 2066 quam

210 2075 392 2168 personis,
427 2068 643 2167 probabimus
670 2068 711 2142 ad
737 2067 815 2141 loca
841 2067 907 2140 aliu
932 2067 1140 2143 transeundi.
1191 2069 1275 2142 ltem
1299 2091 1365 2142 nos
1391 2093 1454 2144 seu
1479 2071 1593 2144 nostrl

212 2191 440 2248 successoros
466 2173 502 2243 in
527 2173 624 2266 ipsos
652 2170 671 2241 J
679 2168 816 2242 ndeos
842 2169 969 2241 nullam
996 2169 1096 2242 aliam
1118 2169 1403 2264 jurisdictionem,
1430 2181 1590 2266 quantum

211 2271 255 2344 nd
285 2271 440 2368 prelatos
475 2271 595 2343 decern
620 2291 749 2361 annos,
783 2269 1023 2344 exercebimus
1050 2273 1142 2342 omni
1166 2269 1308 2364 iruvde,
1342 2269 1423 2343 dolo
1451 2279 1484 2344 ct
1509 2293 1593 2344 uara

212 2375 433 2469 postpositis,
465 2373 532 2443 nisi
570 2391 667 2466 quam
694 2367 966 2465 predecessores
992 2371 1102 2444 nostri
1127 2373 1161 2442 iu
1188 2369 1507 2444 eosdemlutleos
1528 2393 1592 2471 pro

213 2477 284 2550 suis
320 2470 524 2548 excessibus
563 2491 733 2545 exercere
752 2468 778 2562 ¹)
816 2479 956 2542 actenus
991 2482 1265 2560 consuenorunt3
1299 2491 1383 2546 sane
1417 2473 1446 2546 si
1482 2469 1593 2544 medio

214 2583 370 2670 ternpore
397 2571 509 2666 aliqua
536 2571 671 2642 infamia
698 2579 773 2642 ortu
797 2568 900 2640 inerit
926 2579 1045 2642 contra
1070 2571 1247 2666 sepefatus
1274 2569 1444 2644 ludens
1470 2569 1592 2643 herbi-

215 2673 395 2770 polenses,
420 2693 485 2744 nus
514 2679 570 2746 aut
596 2673 705 2744 nostri
732 2690 960 2744 successores
977 2668 1304 2746 eosdemludoos
1330 2674 1364 2744 in
1390 2675 1507 2769 specie
1533 2672 1592 2744 uel

214 2777 249 2848 in
277 2793 408 2871 genere
442 2775 475 2843 in
510 2769 613 2844 rebus
650 2781 707 2844 aut
739 2773 899 2868 personis
932 2793 1001 2842 non
1028 2769 1245 2864 gruuabimus
1270 2772 1418 2870 protuli
1445 2771 1594 2862 infamia,

214 2897 316 2962 vura,
353 2871 434 2945 dolo
462 2874 571 2944 eciam
598 2881 633 2943 et
658 2869 777 2944 fraude
803 2870 922 2966 procul
948 2867 1072 2964 motis,
1107 2873 1172 2947 uisi
1209 2875 1242 2944 in
1270 2883 1426 2968 quantum
1454 2871 1495 2946 de
1522 2876 1596 2945 iure

215 2995 397 3072 possumus
424 2983 481 3046 unt
506 2971 668 3046 debemus
700 2980 756 3044 aut
784 2971 968 3046 secundum
1003 2971 1281 3046 consuetudinem
1308 2976 1489 3070 antiquitus
1525 2971 1595 3046 ob-

217 3085 400 3152 seruatum.
451 3070 525 3150 rtos
551 3075 664 3167 itaquo
696 3071 761 3142 hec
796 3075 908 3144 omnia
933 3076 1102 3170 promissa
1128 3074 1217 3145 bona
1244 3073 1309 3146 lide
1335 3085 1534 3150 seruaturus
1562 3085 1596 3145 et

219 3197 339 3249 eornm
364 3173 498 3266 singula
524 3174 748 3268 promittimus
776 3171 922 3266 capitulo
948 3183 1091 3264 nostru,
1117 3173 1245 3246 ciuibus
1272 3177 1401 3246 nostris
1428 3174 1596 3270 herbipo-

217 3274 385 3366 lensibus,
410 3294 547 3346 necnon
574 3270 740 3370 sepeintis
766 3271 885 3346 iudeis
911 3281 946 3344 et
971 3271 1014 3346 erl
1040 3272 1292 3350 obseruandum
1319 3297 1360 3346 aa
1379 3275 1596 3370 presentibus

219 3379 349 3453 sanetis
377 3373 432 3446 (lei
458 3373 663 3466 ewangeliis
690 3371 873 3468 corporale
906 3377 1115 3469 prestitimus
1148 3377 1383 3447 iuramentum.
1436 3374 1473 3447 ln
1500 3379 1596 3448 ouius

218 3481 270 3550 rei
296 3477 528 3548 testimonium
553 3482 734 3570 presentes
760 3472 891 3546 litteras
917 3473 1024 3567 sigilli
1049 3477 1159 3548 nostri
1185 3477 1374 3572 patrocinio
1403 3479 1596 3550 communi-

220 3597 304 3650 mus.
334 3576 456 3650 Aotum
483 3577 518 3646 iu
544 3573 690 3670 capitulo
717 3583 851 3660 nostro,
878 3571 1008 3646 ciuibus
1034 3578 1163 3648 nostris
1189 3573 1485 3670 herbipolensibus
1512 3594 1598 3674 pte-

221 3675 386 3764 sentibus,
412 3696 500 3748 anno
528 3673 654 3746 domini
679 3670 942 3763 uestitum,
975 3676 1012 3746 in
1044 3673 1100 3750 die
1133 3685 1251 3750 sancte
1275 3674 1414 3768 Agathe
1440 3678 1599 3769 virginis,

220 3775 435 3876 pontificatus
468 3777 578 3848 nostri
613 3797 702 3848 auno
736 3778 893 3870 septimo.
954 3772 1027 3848 Nos
1055 3793 1195 3871 ¹quoque
1221 3771 1521 3870 hlaueguldus
1557 3774 1599 3847 de

221 3875 506 3968 anenburg
533 3877 740 3972 prepositus,
765 3872 1050 3948 Albertusde
1069 3873 1265 3947 'l'alheim
1292 3875 1441 3960 decanus
1467 3885 1598 3948 totum-

223 4001 288 4074 que
314 3975 494 4072 cupitulum
520 3975 672 4048 ecclesie
695 3973 949 4070 herbipolensis
982 3971 1134 4072 predicta
1171 3977 1282 4048 omniu
1314 3977 1599 4080 recognoscimus

224 4089 259 4152 et
283 4077 347 4152 hiis
373 4079 409 4148 in
434 4079 572 4171 scriptis
597 4074 675 4148 huet
701 4074 846 4149 dacione
874 4075 1099 4174 promittimus
1131 4077 1349 4152 uniuersitati
1372 4073 1600 4176 predictorum
