3768 4728
586 463 802 555 episcopatus
828 455 1118 552 wirsiburgensis.

741 907 954 982 ccxxxvi.
1079 907 1080 912 ’

657 1127 745 1189 Anno
770 1123 872 1205 1233„
897 1121 947 1189 26.
968 1125 1046 1188 llaii.

165 1321 376 1400 Hermannue
404 1325 655 1423 herbipolensis
682 1332 864 1426 episcopus
890 1328 1052 1402 Heinrico
1079 1325 1122 1400 de
1136 1323 1306 1400 Altenhof
1328 1325 1537 1400 cubiculario

165 1423 392 1500 etLudewico
408 1426 449 1498 de
463 1425 713 1520 Tungersheim
729 1428 925 1502 theloneum
942 1429 1088 1502 civitatis
1112 1447 1216 1514 suae,
1241 1423 1381 1498 vihenol
1402 1425 1537 1518 dictum,

519 1525 562 1598 ed
585 1529 686 1601 unius
713 1532 790 1600 anni
817 1531 994 1600 terminum
1021 1524 1189 1599 concedit.

258 1694 299 1767 H.
328 1693 382 1766 dei
409 1697 518 1788 gratia
541 1692 794 1790 herbipolensis
820 1697 1013 1790 episcopus.
1037 1685 1042 1700 '
1064 1692 1232 1789 Nouerint
1253 1697 1422 1784 universi,
1448 1697 1538 1791 quod

162 1817 226 1866 nos
250 1795 469 1868 Heinrico
497 1791 782 1867 deAltenhof
804 1793 1010 1866 cubiculario
1037 1793 1319 1868 etludewico
1346 1795 1390 1867 de
1417 1796 1537 1870 'fun-

162 1893 388 1988 gersheim
414 1893 608 1966 theloneum
633 1897 778 1966 ciuitatis
803 1903 946 1984 nostre,
980 1893 1070 1988 qnod
1093 1892 1282 1966 vihenol
1307 1894 1447 1984 dicitur,
1473 1919 1536 1992 pro

161 1993 219 2066 llll
245 1994 383 2066 talentis
410 1993 452 2066 ad
478 1997 529 2065 ius
557 1991 772 2090 curieproll
789 1993 925 2066 talentis
940 1992 1040 2067 nobis
1057 1992 1098 2064 ad
1113 1992 1313 2084 hantlom
1340 2015 1402 2090 pro
1417 1993 1464 2066 Vl
1477 2005 1535 2068 ta-

162 2095 261 2167 lentis
276 2093 318 2166 ab
344 2093 422 2165 inde
438 2092 619 2165 infeodatis
633 2094 743 2166 etXX
756 2093 885 2167 duobus
898 2093 1034 2166 talentis
1051 2096 1285 2166 concessimus
1298 2094 1416 2168 afeste
1428 2100 1537 2168 sancti
1560 2105 1566 2112 '

91 2243 103 2276 .
160 2193 291 2266 liertini
318 2216 407 2264 nunc
431 2194 544 2265 futuro
568 2191 611 2262 ad
635 2196 735 2266 unius
762 2195 840 2266 anni
865 2197 1042 2265 terminum
1065 2191 1318 2286 gubernandum
1344 2205 1379 2265 et
1403 2197 1438 2266 in
1454 2217 1535 2269 usus

162 2315 277 2366 eorum
304 2315 379 2364 cum
406 2291 560 2366 omnibus
586 2291 628 2364 ab
654 2294 733 2365 inde
758 2291 979 2388 prodentibus
1005 2291 1280 2365 conuertendum.
1332 2293 1376 2364 Et
1401 2304 1436 2364 nt
1461 2298 1536 2390 ipsa

162 2397 343 2467 concessio
369 2396 453 2489 ipsis
480 2403 659 2465 eteorum
685 2391 888 2482 heredibus,
930 2396 960 2465 si
998 2391 1110 2464 medio
1143 2401 1297 2486 tempore
1335 2391 1534 2484 defecerint,

162 2493 301 2566 anchis
338 2503 372 2563 et
407 2491 713 2566 asuccessoribus
753 2494 881 2566 nostris
907 2513 1017 2586 voque
1050 2489 1093 2562 ad
1131 2491 1362 2562 euolutionem
1399 2497 1534 2564 termini

162 2595 339 2688 prescripti
365 2591 607 2664 inuiolabiliter
632 2590 858 2682 obseruata,
894 2600 1089 2687 presentem
1116 2595 1166 2664 eis
1193 2590 1356 2666 cartulam
1383 2613 1535 2664 conces-

161 2697 277 2784 simus,
304 2693 427 2786 sigillis
454 2702 575 2766 nostro
616 2701 651 2764 et
690 2691 825 2787 capituli
849 2695 960 2765 nostri
986 2691 1125 2764 firmiter
1150 2693 1397 2762 communitum.
1450 2692 1536 2764 Huic

162 2796 378 2868 concessioni
417 2802 536 2864 nostre
572 2791 712 2864 aderant
736 2796 901 2887 magister
926 2790 1126 2864 Waltherus
1153 2790 1196 2864 de
1221 2790 1468 2880 Tannenberc‚
1494 2791 1534 2863 G.

161 2893 359 2990 meningas,
385 2896 550 2986 magister
569 2891 783 2966 Hermaunus
810 2895 970 2988 scriptor,
996 2889 1035 2964 Ο.
1064 2891 1106 2962 de
1119 2890 1328 2984 Meiningen,
1355 2891 1394 2962 G.
1413 2913 1534 2964 came·
1597 2938 1598 2941 π

162 2998 282 3084 rarius
306 2992 346 3065 H.
376 2991 505 3088 dapifer
531 2999 565 3063 et
590 2990 733 3064 Zohelo.
784 2992 870 3064 Data
897 3013 985 3064 anno
1012 2991 1073 3064 ΜΟ·
1090 2989 1170 3063 000-
1192 2989 1289 3062 XXX
1314 2994 1433 3080 tercio,
1460 2991 1533 3064 Vll.

161 3091 323 3166 kalendas
349 3093 451 3181 lunii,
477 3090 661 3163 indictione
686 3090 744 3162 Vl.

367 3289 537 3373 Sigillorum
554 3309 600 3352 ex
615 3291 796 3353 membranis
810 3290 1038 3374 appendentium
1053 3296 1164 3354 tantum
1176 3288 1344 3372 fragmenta
1365 3297 1533 3371 supersum.
1595 3363 1600 3378 ι

172 4174 223 4220 neu.
239 4179 291 4218 lete.
307 4179 349 4218 tot.
363 4177 448 4219 suun.
461 4186 506 4218 nor.
522 4177 568 4216 cett.
583 4175 607 4215 l.
