3776 4730
579 480 797 575 episcopatus
824 473 1119 570 wirziburgensis.
1474 476 1546 553 lun

161 675 351 770 possidere.
404 679 442 752 ln
469 682 564 752 ouius
592 683 641 753 rei
669 681 912 768 testimonium,
945 677 1108 753 videlicel
1133 689 1252 752 nostre
1277 683 1554 773 rosignaoionis;

160 781 311 871 presenti
353 782 480 874 scripto
531 779 680 871 sigillum
733 779 898 850 videlicet
939 777 1211 858 melElrelrardi
1253 791 1308 854 est
1345 803 1541 877 appensum.

157 877 282 948 Datum
310 901 398 952 anno
426 879 553 952 domini
577 879 637 952 lio·
654 877 736 950 00⁰·
753 879 926 968 lxxvi,
962 878 1102 954 sabbato
1128 883 1286 974 proximo
1313 892 1393 976 post
1418 881 1544 955 loetum

158 978 510 1152 sanctedllargarete
536 978 750 1076 pontificatus
778 979 904 1052 domini
939 983 1049 1054 nostri
1088 984 1242 1078 episcopi
1276 981 1419 1077 predicti
1453 1003 1542 1056 mnu

160 1101 265 1155 secun
290 1101 322 1152 ο.

367 1279 504 1366 Sigillum
525 1279 684 1366 Ekehardi,
706 1287 736 1345 in
758 1286 1037 1369 circumscriptione
1059 1283 1185 1362 laesum,
1208 1281 1366 1366 appendat.

793 1735 909 1812 cliii.
1012 1785 1013 1792 κ

658 1937 745 2000 Anno
771 1931 873 2018 lulli„
895 1933 945 2001 29.
970 1935 1048 2000 Julii.

158 2117 340 2191 Bertoldus
389 2122 571 2218 episcopus
612 2122 865 2220 herbipolensis
907 2128 1033 2195 curiam
1075 2119 1239 2217 quandam
1278 2123 1312 2190 in
1349 2115 1541 2212 Herhipoli,

158 2217 268 2311 Longi
296 2219 444 2292 conradi
471 2233 651 2314 vocatam,
692 2225 733 2296 de
771 2247 834 2320 qua
861 2247 1004 2298 sorores
1045 2225 1217 2295 inlerlorls
1245 2217 1365 2291 Cellae
1392 2217 1540 2290 sculteto

159 2322 192 2388 in
216 2320 460 2414 Hellingesialt
487 2329 655 2395 annuatim
684 2326 749 2396 duo
786 2325 913 2395 talenta
948 2323 1163 2396 denariorum
1191 2321 1334 2394 solvere
1361 2317 1541 2406 debebant,
1610 2401 1625 2430 s

159 2417 225 2490 hoc
251 2441 359 2491 onere
386 2421 528 2514 liberatp
566 2435 740 2512 statuens„
773 2433 809 2494 ut
841 2423 927 2494 haec
962 2425 1106 2519 pecunia
1144 2422 1186 2491 de
1221 2419 1349 2492 duabus
1378 2421 1479 2490 curiis
1505 2421 1540 2488 in

506 2524 646 2598 Herstat
672 2533 707 2596 et
732 2524 926 2595 Hellenstat
952 2523 1180 2620 persolvatur.

258 2691 283 2764 1.
310 2715 343 2764 n.
371 2715 400 2768 s.
431 2717 462 2766 e.
489 2698 510 2766 i.
540 2707 562 2768 t.
590 2720 620 2766 a.
672 2694 942 2782 sertorius,
977 2692 1031 2764 dei
1068 2685 1184 2785 gracia
1210 2693 1393 2787 episcopus
1420 2683 1541 2758 lienbi-

163 2792 340 2887 polensis,
376 2793 531 2870 omnibus
567 2799 601 2866 in
637 2807 848 2891 perpetuum.
909 2793 992 2867 Cum
1026 2796 1060 2864 in
1093 2793 1216 2863 litteris
1252 2789 1539 2886 predecessorum

162 2904 370 2984 nostrorum
396 2894 508 2967 felicis
537 2896 791 2970 recordacionis
807 2895 1043 2970 Hermanni
1071 2893 1260 2985 eilringi
1287 2895 1540 2986 episcoporum,

159 2996 400 3083 innocencius,
427 2997 517 3089 qnod
542 2995 583 3067 ad
609 2997 815 3070 solutionem
855 2995 915 3067 Vll
942 2997 1145 3068 talentorum
1173 2993 1389 3064 denariorum
1417 2985 1538 3059 herbl-

159 3093 349 3187 polenslusn
377 3096 621 3171 solnamlorum
647 3101 743 3170 annis
761 3098 906 3190 singulis
922 3096 1068 3169 sunilleio
1080 3106 1202 3166 nostro
1229 3093 1552 3182 lnHeitinges-·

158 3194 264 3284 noli,
289 3194 332 3268 ad
357 3197 570 3270 commodum
598 3203 758 3286 omnium
785 3201 840 3293 qni
867 3201 989 3269 vineas
1016 3195 1141 3268 habent
1165 3193 1369 3265 in'marchla
1386 3189 1539 3262 eiusdem
1665 3238 1666 3242 ,

159 3294 255 3383 vile,
282 3305 320 3364 vl
345 3317 413 3368 non
440 3298 596 3369 ledantur
622 3301 655 3368 in
682 3297 891 3369 collectione
925 3300 996 3369 uini
1030 3305 1185 3389 tempore
1219 3291 1444 3388 autumpnali,
1486 3297 1541 3359 sel

158 3398 237 3466 uina
264 3399 366 3488 quieti
393 3397 558 3490 colligant
582 3409 683 3492 prout
709 3402 928 3488 einnnge,
962 3419 1059 3490 quam
1094 3396 1249 3468 homines
1276 3393 1428 3489 predicte
1453 3388 1538 3460 ville

158 3499 348 3584 statuerint,
376 3507 410 3566 ei
436 3498 540 3570 abbas
567 3501 718 3570 sancti
743 3496 994 3568 Burchardi
1021 3496 1063 3567 ad
1079 3496 1286 3568 solutionem
1305 3496 1403 3564 trium
1421 3489 1539 3561 inlen-

160 3609 270 3669 torum
297 3594 512 3670 denariorum
539 3597 581 3668 de
606 3596 768 3691 predictis
795 3596 943 3666 denariis
978 3617 1018 3668 se
1042 3607 1076 3667 el
1101 3597 1345 3667 monasterium
1370 3613 1468 3666 suum
1496 3588 1538 3660 de

159 3699 252 3772 curia
278 3717 339 3768 sua
365 3701 400 3769 in
425 3697 771 3789 Heitingesueli
804 3697 837 3766 in
873 3694 1049 3791 epiphania
1091 3695 1217 3765 domini
1255 3696 1351 3766 annis
1390 3689 1537 3782 singulis

160 3797 411 3896 personemus,
437 3798 541 3869 abbas
570 3794 840 3890 Superioris
869 3794 997 3866 (lello
1036 3817 1077 3869 se
1103 3805 1138 3866 ot
1164 3793 1347 3866 ecclesiam
1374 3811 1469 3866 suam
1496 3789 1539 3860 ad

158 3901 188 3975 ll
213 3897 341 3970 talenta
367 3897 409 3970 de
435 3902 541 3989 curia,
568 3919 633 3991 que
659 3905 803 3968 vocatur
824 3901 955 3968 curia
983 3896 1207 3967 cellensis
1234 3898 1268 3966 in
1293 3887 1537 3986 Herhipoli

159 4006 193 4076 in
218 4001 391 4072 natiuitate
418 3999 517 4071 beate
542 3999 700 4090 virginis,
725 4001 920 4092 prepositus
946 4018 1033 4070 vero
1061 4006 1095 4069 el
1121 4016 1264 4068 sorores
1291 3991 1536 4064 inlerioris

159 4099 282 4191 celle
310 4121 350 4174 se
378 4111 410 4172 el
438 4099 622 4178 ecclesiam
647 4120 743 4174 suam
771 4096 867 4174 adil
895 4097 1021 4174 talenta
1046 4099 1080 4171 in
1108 4095 1231 4168 eodem
1256 4095 1346 4171 lesio
1375 4092 1537 4191 decuria,

1130 4193 1206 4282 59*
