3836 4722
614 359 830 455 episcopatos
856 350 1152 452 menogenis.
1526 357 1575 436 st

196 557 237 632 de
252 555 474 652 Langlrem
492 559 526 629 in
542 559 806 629 commutatione
820 557 1024 651 quorundam
1037 553 1287 629 decimarumin
1303 555 1576 631 Burcharts-

195 659 307 749 tori,
347 656 438 752 quod
480 667 553 728 orat
586 655 777 745 desertum,
813 656 932 752 quibus
967 661 1002 733 in
1028 655 1248 730 beneficiatus
1287 681 1306 728 a
1338 655 1577 730 nobismori

194 760 319 852 llngo
352 757 395 828 de
430 757 633 828 Semela.
698 756 809 850 Jgitur
831 759 1086 852 prenominatus
1114 755 1243 848 obbas,
1279 778 1355 828 cum
1389 756 1576 852 predictum

195 858 371 933 desertum
395 855 746 931 Barchartstori
766 855 934 950 legittima
959 859 1162 950 uramur
1186 859 1219 931 in
1245 859 1405 950 proprios
1429 877 1577 953 compa*

194 967 309 1032 resset
335 977 442 1050 usus,
479 966 513 1028 et
540 955 669 1046 decimo
695 955 802 1050 ipsius
842 955 969 1031 deserti
1004 966 1121 1047 nosue
1154 965 1276 1035 essent
1302 955 1460 1046 'ecclesie
1490 959 1576 1032 iuris

194 1079 325 1151 eosque
352 1065 558 1128 memoratus
586 1055 715 1148 vao
741 1053 887 1134 anobis
921 1054 1063 1146 haberet
1096 1057 1128 1126 in
1165 1052 1351 1142 beneficio,
1386 1059 1500 1147 rogati
1536 1055 1577 1126 ab

195 1155 319 1229 eodem
348 1154 467 1227 abbate
492 1154 627 1230 Adam
653 1153 695 1228 do
721 1153 958 1248 Langheim
984 1157 1200 1250 receptisque
1227 1151 1267 1225 ah
1293 1157 1369 1250 ipso
1391 1153 1577 1248 vaonc

193 1253 337 1354 prelatis
365 1255 505 1327 decimis
531 1253 678 1346 ecclesie
712 1251 755 1326 de
787 1251 1011 1350 Langhem
1044 1252 1142 1324 iirma
1168 1253 1371 1326 contulimus
1405 1257 1576 1350 pactione,

194 1375 351 1428 mansum
375 1374 463 1428 vcro
499 1357 534 1424 in
566 1353 649 1424 nilla
676 1352 933 1427 Graiistori
965 1355 1063 1426 situm
1105 1351 1146 1424 ab
1188 1349 1307 1427 abbate
1342 1372 1405 1448 per
1442 1372 1576 1426 manum

193 1454 403 1528 Rumoldi
440 1452 482 1526 da
505 1451 793 1546 Brothenbag
830 1471 893 1548 pro
929 1453 1033 1548 ipsis·
1054 1452 1195 1525 decimis
1226 1455 1437 1548 recipientes
1471 1463 1506 1524 et
1542 1455 1578 1526 iu

195 1573 315 1627 manus
342 1551 606 1646 Manegoldi
634 1551 676 1623 de
698 1551 923 1623 Tunetori
944 1552 987 1622 ad
1002 1544 1436 1647 conseruandnm'pcclesip
1456 1561 1577 1624 nostre

195 1659 428 1748 resignantes,
455 1651 565 1724 eidem
590 1647 770 1746 vaonl
805 1673 868 1748 pro
896 1665 982 1748 sepe
1007 1649 1104 1725 dictis
1131 1651 1271 1724 decimis
1308 1654 1344 1722 in
1375 1649 1578 1727 beneficium

197 1753 351 1826 dedimus
387 1755 541 1846 iusteque
579 1753 767 1825 sanctionis
793 1749 1025 1824 moderamine
1060 1753 1290 1823 omniarite·
1310 1753 1576 1848 composuimus.

197 1853 242 1926 Vt
267 1863 379 1925 autem
407 1851 469 1942 hec
494 1853 560 1942 da,
594 1859 631 1942 pt
667 1849 757 1922 iacta
795 1861 891 1939 sunt,
930 1847 1075 1924 anobis
1111 1859 1187 1922 rata
1222 1859 1257 1924 et
1287 1848 1490 1924 inconuulsa
1514 1865 1579 1944 per

197 1957 309 2026 omnia
336 1953 536 2040 consistant,
561 1949 650 2021 hanc
674 1953 758 2044 ipsis
785 1971 826 2020 ac
845 1947 1377 2026 nobisconfirnadonis'cotam
1399 1948 1472 2020 lieri
1498 1949 1576 2022 ius-

196 2057 316 2142 simus,
343 2071 439 2146 quom
468 2047 531 2124 sub
557 2051 782 2122 anathematis
803 2049 940 2122 uinculo
967 2054 1224 2142 consignantes,
1251 2047 1356 2145 sigilli
1370 2051 1480 2122 nostri
1504 2051 1575 2118 im-

196 2153 379 2250 pressione
403 2153 583 2240 munimus,
609 2171 654 2220 ne
680 2147 791 2243 aliqua
816 2147 879 2241 hec
904 2148 1375 2251 personatemereinlringat
1404 2153 1460 2220 out
1486 2139 1575 2220 ena-¹

197 2271 301 2324 enare
325 2251 517 2324 insolenter
528 2259 712 2346 presumat.
749 2244 930 2323 liuius'rei
956 2254 1034 2321 sunt
1048 2255 1170 2322 testes.
1197 2247 1343 2320 Clerici:
1359 2244 1575 2324 Burchardus

196 2351 360 2441 decanus,
385 2348 563 2422 Richolins
591 2345 881 2443 archidia[co]nus
909 2359 943 2418 et
962 2347 1075 2420 irater
1101 2349 1176 2420 dius
1203 2346 1379 2440 Sigilous,
1404 2342 1575 2420 lleroldus

195 2453 403 2548 prepositus,
428 2447 597 2522 Hemicns
623 2447 839 2538 cellerarius,
863 2446 1081 2520 Euerhardns
1101 2443 1371 2534 archidiaconus,
1397 2443 1577 2518 Benardns

196 2547 714 2642 archidiaconus,lte1ingerus.
766 2545 901 2619 Liberi:
927 2548 1023 2642 Popo
1047 2543 1088 2617 de
1108 2543 1340 2638 Hennenberg
1365 2541 1577 2624 etBerthold

196 2650 303 2723 irater
329 2653 417 2740 eius,
441 2647 581 2722 Rumolt
607 2647 649 2718 de
674 2645 913 2741 Bretheubag,
946 2645 1124 2740 Manegolt
1150 2645 1192 2718 de
1234 2641 1420 2716 Toncdorl,
1468 2640 1576 2716 Mini-

196 2749 376 2823 steriales:
400 2745 794 2840 Billunguicedominns,
821 2743 1101 2842 etalterBillung
1116 2731 1323 2833 dscoforus,
1347 2725 1579 2836 Engelbertus

197 2861 230 2922 ct
255 2851 363 2922 irater
389 2845 929 2936 eius'Godeboldns,‘llenrlcus,
956 2847 1055 2940 Jring
1081 2842 1358 2935 nannenten,
1383 2838 1577 2916 Ditherlons

196 2949 372 3023 locothero
399 2959 434 3020 et
458 2947 516 3019 alii
541 2947 646 3018 multi.
1369 2993 1373 3002 .
1576 2964 1581 2970 ·

210 3127 212 3129 -
295 3078 384 3164 Acta
409 3079 487 3150 sunl
511 3073 574 3167 hec
600 3097 689 3148 anno
730 3067 857 3146 domini
887 3067 933 3146 ll
951 3053 1062 3144 'G.'L.
1089 3067 1175 3163 lttL,
1213 3079 1381 3164 regnante
1418 3033 1579 3162 glorioso

195 3174 428 3252 Romanorum
454 3197 541 3272 rege
565 3171 741 3246 Friderico
767 3171 831 3264 1⁰·,
868 3193 957 3247 anno
996 3169 1148 3266 secundo
1181 3173 1282 3266 regni
1308 3169 1402 3262 eius,
1434 3169 1577 3267 Popone

196 3277 289 3353 urbis
316 3275 482 3374 prefecto.
534 3275 621 3348 Data
646 3270 812 3370 Erbipoli,
837 3273 940 3346 nonis
965 3269 1125 3380 lanuarii.
1160 3352 1164 3369 Ι

404 3471 542 3622 lSttpp'llum
551 3461 726 3622 1Gebeliardi
738 3476 925 3564 impressum,
943 3475 978 3536 'in
993 3474 1128 3554 margine
1151 3461 1298 3551 superiori
1320 3463 1485 3548 aliqualiter
1507 3467 1577 3530 vio-

415 3579 432 3623 a
466 3577 573 3622 mes.
1205 3569 1209 3577 ·
1277 3567 1281 3576 ’
