<?xml version="1.0" encoding="UTF-8"?>
<!DOCTYPE html PUBLIC "-//W3C//DTD XHTML 1.0 Transitional//EN"
    "http://www.w3.org/TR/xhtml1/DTD/xhtml1-transitional.dtd">
<html xmlns="http://www.w3.org/1999/xhtml" xml:lang="en" lang="en">
 <head>
  <title>
</title>
<meta http-equiv="Content-Type" content="text/html;charset=utf-8" />
  <meta name='ocr-system' content='tesseract 3.04.00' />
  <meta name='ocr-capabilities' content='ocr_page ocr_carea ocr_par ocr_line ocrx_word'/>
</head>
<body>
  <div class='ocr_page' id='page_1' title='image "./monumentaboica00karagoog_0070.png"; bbox 0 0 3836 4722; ppageno 0'>
   <div class='ocr_carea' id='block_1_1' title="bbox 347 453 1122 532">
    <p class='ocr_par' dir='ltr' id='par_1_1' title="bbox 347 453 1122 532">
     <span class='ocr_line' id='line_1_1' title="bbox 347 453 1122 532; baseline -0.009 -1"><span class='ocrx_word' id='word_1_1' title='bbox 347 457 396 532; x_wconf 80' lang='lat'>58</span> <span class='ocrx_word' id='word_1_2' title='bbox 904 453 1122 528; x_wconf 80' lang='lat' dir='ltr'>Monumenta</span> 
     </span>
    </p>
   </div>
   <div class='ocr_carea' id='block_1_2' title="bbox 348 641 1727 949">
    <p class='ocr_par' dir='ltr' id='par_1_2' title="bbox 348 641 1727 949">
     <span class='ocr_line' id='line_1_2' title="bbox 349 641 1722 748; baseline -0.011 -18"><span class='ocrx_word' id='word_1_3' title='bbox 349 657 457 730; x_wconf 83' lang='lat' dir='ltr'>suncti</span> <span class='ocrx_word' id='word_1_4' title='bbox 471 650 676 724; x_wconf 76' lang='lat' dir='ltr'>Theoderici</span> <span class='ocrx_word' id='word_1_5' title='bbox 700 647 943 748; x_wconf 83' lang='lat' dir='ltr'>herbipolense</span> <span class='ocrx_word' id='word_1_6' title='bbox 957 646 1212 726; x_wconf 82' lang='lat' dir='ltr'><strong>honorabilibus</strong></span> <span class='ocrx_word' id='word_1_7' title='bbox 1228 641 1379 719; x_wconf 87' lang='lat' dir='ltr'>Ottoni</span> <span class='ocrx_word' id='word_1_8' title='bbox 1391 647 1567 742; x_wconf 87' lang='lat' dir='ltr'>preposito</span> <span class='ocrx_word' id='word_1_9' title='bbox 1584 665 1722 716; x_wconf 89' lang='lat' dir='ltr'>memo-</span> 
     </span>
     <span class='ocr_line' id='line_1_3' title="bbox 348 744 1727 842; baseline -0.009 -15"><span class='ocrx_word' id='word_1_10' title='bbox 348 766 423 827; x_wconf 87' lang='lat' dir='ltr'>reto</span> <span class='ocrx_word' id='word_1_11' title='bbox 452 764 486 825; x_wconf 90' lang='lat' dir='ltr'>et</span> <span class='ocrx_word' id='word_1_12' title='bbox 512 751 641 823; x_wconf 89' lang='lat' dir='ltr'>decano</span> <span class='ocrx_word' id='word_1_13' title='bbox 658 751 830 824; x_wconf 90' lang='lat' dir='ltr'>Perseo</span> <span class='ocrx_word' id='word_1_14' title='bbox 856 751 1003 822; x_wconf 86' lang='lat' dir='ltr'>fideliter</span> <span class='ocrx_word' id='word_1_15' title='bbox 1027 748 1263 842; x_wconf 88' lang='lat' dir='ltr'>acdiligenter</span> <span class='ocrx_word' id='word_1_16' title='bbox 1278 746 1436 819; x_wconf 86' lang='lat' dir='ltr'>duximus</span> <span class='ocrx_word' id='word_1_17' title='bbox 1451 744 1727 818; x_wconf 87' lang='lat' dir='ltr'>committendum</span> 
     </span>
     <span class='ocr_line' id='line_1_4' title="bbox 348 843 1723 949; baseline -0.009 -23"><span class='ocrx_word' id='word_1_18' title='bbox 348 865 385 926; x_wconf 90' lang='lat' dir='ltr'>ut</span> <span class='ocrx_word' id='word_1_19' title='bbox 409 851 595 949; x_wconf 88' lang='lat' dir='ltr'>predictum</span> <span class='ocrx_word' id='word_1_20' title='bbox 620 850 790 946; x_wconf 89' lang='lat' dir='ltr'>hospitale</span> <span class='ocrx_word' id='word_1_21' title='bbox 817 861 852 923; x_wconf 92' lang='lat' dir='ltr'>at</span> <span class='ocrx_word' id='word_1_22' title='bbox 877 849 1011 921; x_wconf 93' lang='lat' dir='ltr'>domum</span> <span class='ocrx_word' id='word_1_23' title='bbox 1045 852 1078 918; x_wconf 95' lang='lat' dir='ltr'>in</span> <span class='ocrx_word' id='word_1_24' title='bbox 1104 852 1255 942; x_wconf 88' lang='lat' dir='ltr'>ipsorum</span> <span class='ocrx_word' id='word_1_25' title='bbox 1281 850 1336 941; x_wconf 89' lang='lat' dir='ltr'>pia</span> <span class='ocrx_word' id='word_1_26' title='bbox 1362 847 1609 942; x_wconf 82' lang='lat' dir='ltr'>procuracione</span> <span class='ocrx_word' id='word_1_27' title='bbox 1639 843 1723 914; x_wconf 90' lang='lat' dir='ltr'>dili-</span> 
     </span>
    </p>
   </div>
   <div class='ocr_carea' id='block_1_3' title="bbox 347 941 1797 3920">
    <p class='ocr_par' dir='ltr' id='par_1_3' title="bbox 347 941 1797 3920">
     <span class='ocr_line' id='line_1_5' title="bbox 349 941 1797 1047; baseline -0.008 -23"><span class='ocrx_word' id='word_1_28' title='bbox 349 957 491 1047; x_wconf 90' lang='lat' dir='ltr'>gencius</span> <span class='ocrx_word' id='word_1_29' title='bbox 518 960 656 1022; x_wconf 89' lang='lat' dir='ltr'>teneant</span> <span class='ocrx_word' id='word_1_30' title='bbox 682 961 716 1022; x_wconf 88' lang='lat' dir='ltr'>et</span> <span class='ocrx_word' id='word_1_31' title='bbox 741 951 860 1040; x_wconf 77' lang='lat' dir='ltr'>tutela,</span> <span class='ocrx_word' id='word_1_32' title='bbox 885 953 931 1020; x_wconf 90' lang='lat' dir='ltr'>ita</span> <span class='ocrx_word' id='word_1_33' title='bbox 957 947 1046 1042; x_wconf 83' lang='lat' dir='ltr'>quod</span> <span class='ocrx_word' id='word_1_34' title='bbox 1060 947 1213 1042; x_wconf 73' lang='lat' dir='ltr'>predicte</span> <span class='ocrx_word' id='word_1_35' title='bbox 1231 945 1344 1016; x_wconf 91' lang='lat' dir='ltr'>domui</span> <span class='ocrx_word' id='word_1_36' title='bbox 1369 948 1404 1016; x_wconf 94' lang='lat' dir='ltr'>in</span> <span class='ocrx_word' id='word_1_37' title='bbox 1429 941 1725 1016; x_wconf 88' lang='lat' dir='ltr'>nullodetraherc</span> <span class='ocrx_word' id='word_1_38' title='bbox 1792 966 1797 976; x_wconf 93' lang='lat'>·</span> 
     </span>
     <span class='ocr_line' id='line_1_6' title="bbox 348 1041 1726 1144; baseline -0.009 -20"><span class='ocrx_word' id='word_1_39' title='bbox 348 1052 494 1126; x_wconf 86' lang='lat' dir='ltr'>debeant</span> <span class='ocrx_word' id='word_1_40' title='bbox 526 1071 593 1120; x_wconf 92' lang='lat' dir='ltr'>nec</span> <span class='ocrx_word' id='word_1_41' title='bbox 625 1052 661 1120; x_wconf 89' lang='lat' dir='ltr'>in</span> <span class='ocrx_word' id='word_1_42' title='bbox 683 1049 807 1144; x_wconf 90' lang='lat' dir='ltr'>aliquo</span> <span class='ocrx_word' id='word_1_43' title='bbox 845 1059 962 1122; x_wconf 91' lang='lat' dir='ltr'>contra</span> <span class='ocrx_word' id='word_1_44' title='bbox 1000 1049 1168 1118; x_wconf 90' lang='lat' dir='ltr'>iusticiam</span> <span class='ocrx_word' id='word_1_45' title='bbox 1201 1049 1395 1140; x_wconf 85' lang='lat' dir='ltr'>permittant</span> <span class='ocrx_word' id='word_1_46' title='bbox 1429 1044 1616 1116; x_wconf 88' lang='lat' dir='ltr'>molestari.</span> <span class='ocrx_word' id='word_1_47' title='bbox 1675 1041 1726 1113; x_wconf 90' lang='lat' dir='ltr'>lta</span> 
     </span>
     <span class='ocr_line' id='line_1_7' title="bbox 349 1142 1726 1244; baseline -0.008 -22"><span class='ocrx_word' id='word_1_48' title='bbox 349 1155 457 1223; x_wconf 89' lang='lat' dir='ltr'>eciam</span> <span class='ocrx_word' id='word_1_49' title='bbox 492 1148 582 1244; x_wconf 86' lang='lat' dir='ltr'>quod</span> <span class='ocrx_word' id='word_1_50' title='bbox 606 1151 641 1219; x_wconf 90' lang='lat' dir='ltr'>in</span> <span class='ocrx_word' id='word_1_51' title='bbox 666 1148 968 1243; x_wconf 86' lang='lat' dir='ltr'>nulloprepositus</span> <span class='ocrx_word' id='word_1_52' title='bbox 994 1157 1028 1217; x_wconf 89' lang='lat' dir='ltr'>et</span> <span class='ocrx_word' id='word_1_53' title='bbox 1047 1145 1195 1217; x_wconf 90' lang='lat' dir='ltr'>decanus</span> <span class='ocrx_word' id='word_1_54' title='bbox 1211 1147 1389 1215; x_wconf 90' lang='lat' dir='ltr'>memorati</span> <span class='ocrx_word' id='word_1_55' title='bbox 1407 1142 1726 1238; x_wconf 87' lang='lat' dir='ltr'>contrapredictum</span> 
     </span>
     <span class='ocr_line' id='line_1_8' title="bbox 348 1242 1726 1339; baseline -0.008 -16"><span class='ocrx_word' id='word_1_56' title='bbox 348 1250 483 1322; x_wconf 94' lang='lat' dir='ltr'>domum</span> <span class='ocrx_word' id='word_1_57' title='bbox 518 1247 580 1318; x_wconf 89' lang='lat' dir='ltr'>vel</span> <span class='ocrx_word' id='word_1_58' title='bbox 615 1267 732 1318; x_wconf 90' lang='lat' dir='ltr'>eorum</span> <span class='ocrx_word' id='word_1_59' title='bbox 768 1267 994 1319; x_wconf 80' lang='lat' dir='ltr'>successores</span> <span class='ocrx_word' id='word_1_60' title='bbox 1019 1245 1211 1339; x_wconf 90' lang='lat' dir='ltr'>procedere</span> <span class='ocrx_word' id='word_1_61' title='bbox 1244 1242 1369 1314; x_wconf 84' lang='lat' dir='ltr'>dehent</span> <span class='ocrx_word' id='word_1_62' title='bbox 1399 1247 1466 1316; x_wconf 89' lang='lat' dir='ltr'>nisi</span> <span class='ocrx_word' id='word_1_63' title='bbox 1500 1246 1588 1315; x_wconf 90' lang='lat' dir='ltr'>iusta</span> <span class='ocrx_word' id='word_1_64' title='bbox 1622 1263 1726 1313; x_wconf 87' lang='lat' dir='ltr'>caasa</span> 
     </span>
     <span class='ocr_line' id='line_1_9' title="bbox 349 1341 1724 1438; baseline -0.008 -16"><span class='ocrx_word' id='word_1_65' title='bbox 349 1359 383 1421; x_wconf 90' lang='lat' dir='ltr'>et</span> <span class='ocrx_word' id='word_1_66' title='bbox 409 1367 526 1420; x_wconf 90' lang='lat' dir='ltr'>eorum</span> <span class='ocrx_word' id='word_1_67' title='bbox 552 1347 697 1434; x_wconf 78' lang='lat' dir='ltr'>merito,</span> <span class='ocrx_word' id='word_1_68' title='bbox 721 1345 812 1438; x_wconf 89' lang='lat' dir='ltr'>quod</span> <span class='ocrx_word' id='word_1_69' title='bbox 837 1345 943 1435; x_wconf 78' lang='lat' dir='ltr'>absit,</span> <span class='ocrx_word' id='word_1_70' title='bbox 970 1349 1142 1436; x_wconf 74' lang='lat' dir='ltr'>exigente.</span> <span class='ocrx_word' id='word_1_71' title='bbox 1195 1343 1280 1414; x_wconf 89' lang='lat' dir='ltr'>ltem</span> <span class='ocrx_word' id='word_1_72' title='bbox 1304 1364 1369 1413; x_wconf 90' lang='lat' dir='ltr'>nos</span> <span class='ocrx_word' id='word_1_73' title='bbox 1399 1341 1501 1414; x_wconf 89' lang='lat' dir='ltr'>Otto</span> <span class='ocrx_word' id='word_1_74' title='bbox 1528 1344 1724 1436; x_wconf 75' lang='lat' dir='ltr'>prepositus</span> 
     </span>
     <span class='ocr_line' id='line_1_10' title="bbox 350 1440 1728 1520; baseline -0.006 0"><span class='ocrx_word' id='word_1_75' title='bbox 350 1459 384 1520; x_wconf 91' lang='lat' dir='ltr'>et</span> <span class='ocrx_word' id='word_1_76' title='bbox 408 1449 612 1519; x_wconf 88' lang='lat' dir='ltr'>Perseus</span> <span class='ocrx_word' id='word_1_77' title='bbox 639 1442 787 1518; x_wconf 88' lang='lat' dir='ltr'>decanus</span> <span class='ocrx_word' id='word_1_78' title='bbox 804 1449 981 1518; x_wconf 83' lang='lat' dir='ltr'>statuimus</span> <span class='ocrx_word' id='word_1_79' title='bbox 1008 1465 1053 1515; x_wconf 86' lang='lat' dir='ltr'>ex</span> <span class='ocrx_word' id='word_1_80' title='bbox 1078 1442 1235 1514; x_wconf 89' lang='lat' dir='ltr'>mandato</span> <span class='ocrx_word' id='word_1_81' title='bbox 1249 1451 1437 1513; x_wconf 88' lang='lat' dir='ltr'>conuentus</span> <span class='ocrx_word' id='word_1_82' title='bbox 1463 1440 1562 1513; x_wconf 89' lang='lat' dir='ltr'>nobis</span> <span class='ocrx_word' id='word_1_83' title='bbox 1589 1441 1666 1512; x_wconf 84' lang='lat' dir='ltr'>dato</span> <span class='ocrx_word' id='word_1_84' title='bbox 1694 1450 1728 1512; x_wconf 89' lang='lat' dir='ltr'>et</span> 
     </span>
     <span class='ocr_line' id='line_1_11' title="bbox 351 1539 1722 1637; baseline -0.006 -19"><span class='ocrx_word' id='word_1_85' title='bbox 351 1549 514 1632; x_wconf 67' lang='lat' dir='ltr'>iniuncto,</span> <span class='ocrx_word' id='word_1_86' title='bbox 541 1541 630 1635; x_wconf 88' lang='lat' dir='ltr'>quod</span> <span class='ocrx_word' id='word_1_87' title='bbox 654 1540 828 1637; x_wconf 91' lang='lat' dir='ltr'>prehende</span> <span class='ocrx_word' id='word_1_88' title='bbox 849 1547 1102 1630; x_wconf 87' lang='lat' dir='ltr'>canonicorum,</span> <span class='ocrx_word' id='word_1_89' title='bbox 1130 1545 1184 1636; x_wconf 81' lang='lat' dir='ltr'>qui</span> <span class='ocrx_word' id='word_1_90' title='bbox 1205 1539 1327 1612; x_wconf 89' lang='lat' dir='ltr'>debitis</span> <span class='ocrx_word' id='word_1_91' title='bbox 1344 1540 1438 1612; x_wconf 88' lang='lat' dir='ltr'>horis</span> <span class='ocrx_word' id='word_1_92' title='bbox 1456 1543 1630 1612; x_wconf 88' lang='lat' dir='ltr'>canonicis</span> <span class='ocrx_word' id='word_1_93' title='bbox 1651 1561 1722 1611; x_wconf 92' lang='lat' dir='ltr'>non</span> 
     </span>
     <span class='ocr_line' id='line_1_12' title="bbox 349 1638 1725 1736; baseline -0.005 -20"><span class='ocrx_word' id='word_1_94' title='bbox 349 1643 564 1716; x_wconf 88' lang='lat' dir='ltr'>interiuerint</span> <span class='ocrx_word' id='word_1_95' title='bbox 598 1651 634 1712; x_wconf 91' lang='lat' dir='ltr'>et</span> <span class='ocrx_word' id='word_1_96' title='bbox 664 1642 885 1735; x_wconf 82' lang='lat' dir='ltr'>neglexerint</span> <span class='ocrx_word' id='word_1_97' title='bbox 907 1643 950 1714; x_wconf 89' lang='lat' dir='ltr'>ad</span> <span class='ocrx_word' id='word_1_98' title='bbox 977 1641 1147 1736; x_wconf 88' lang='lat' dir='ltr'>hospitale</span> <span class='ocrx_word' id='word_1_99' title='bbox 1172 1639 1358 1734; x_wconf 91' lang='lat' dir='ltr'>predictum</span> <span class='ocrx_word' id='word_1_100' title='bbox 1384 1641 1563 1712; x_wconf 79' lang='lat' dir='ltr'>transferri</span> <span class='ocrx_word' id='word_1_101' title='bbox 1589 1638 1725 1726; x_wconf 87' lang='lat' dir='ltr'>dehent,</span> 
     </span>
     <span class='ocr_line' id='line_1_13' title="bbox 348 1741 1726 1835; baseline -0.002 -22"><span class='ocrx_word' id='word_1_102' title='bbox 348 1753 384 1814; x_wconf 91' lang='lat' dir='ltr'>ut</span> <span class='ocrx_word' id='word_1_103' title='bbox 410 1751 465 1814; x_wconf 90' lang='lat' dir='ltr'>est</span> <span class='ocrx_word' id='word_1_104' title='bbox 491 1749 662 1814; x_wconf 85' lang='lat' dir='ltr'>statutum.</span> <span class='ocrx_word' id='word_1_105' title='bbox 715 1741 753 1815; x_wconf 88' lang='lat' dir='ltr'>Si</span> <span class='ocrx_word' id='word_1_106' title='bbox 779 1745 834 1835; x_wconf 92' lang='lat' dir='ltr'>qui</span> <span class='ocrx_word' id='word_1_107' title='bbox 865 1752 976 1814; x_wconf 87' lang='lat' dir='ltr'>autem</span> <span class='ocrx_word' id='word_1_108' title='bbox 1011 1744 1253 1812; x_wconf 88' lang='lat' dir='ltr'>canonicorum</span> <span class='ocrx_word' id='word_1_109' title='bbox 1288 1743 1379 1810; x_wconf 86' lang='lat' dir='ltr'>vium</span> <span class='ocrx_word' id='word_1_110' title='bbox 1413 1743 1576 1811; x_wconf 84' lang='lat' dir='ltr'>uniuerso</span> <span class='ocrx_word' id='word_1_111' title='bbox 1612 1741 1726 1810; x_wconf 90' lang='lat' dir='ltr'>carnis</span> 
     </span>
     <span class='ocr_line' id='line_1_14' title="bbox 349 1838 1725 1934; baseline -0.003 -21"><span class='ocrx_word' id='word_1_112' title='bbox 349 1839 486 1913; x_wconf 85' lang='lat' dir='ltr'>iubente</span> <span class='ocrx_word' id='word_1_113' title='bbox 513 1839 663 1932; x_wconf 74' lang='lat' dir='ltr'>domino,</span> <span class='ocrx_word' id='word_1_114' title='bbox 683 1839 710 1934; x_wconf 87' lang='lat'>¹)</span> <span class='ocrx_word' id='word_1_115' title='bbox 748 1863 866 1912; x_wconf 91' lang='lat' dir='ltr'>eorum</span> <span class='ocrx_word' id='word_1_116' title='bbox 902 1841 1112 1912; x_wconf 78' lang='lat' dir='ltr'>lectisternia</span> <span class='ocrx_word' id='word_1_117' title='bbox 1145 1850 1180 1911; x_wconf 87' lang='lat' dir='ltr'>et</span> <span class='ocrx_word' id='word_1_118' title='bbox 1215 1838 1444 1928; x_wconf 70' lang='lat' dir='ltr'>elemosinas,</span> <span class='ocrx_word' id='word_1_119' title='bbox 1479 1841 1509 1909; x_wconf 91' lang='lat' dir='ltr'>si</span> <span class='ocrx_word' id='word_1_120' title='bbox 1543 1859 1627 1931; x_wconf 84' lang='lat' dir='ltr'>ques</span> <span class='ocrx_word' id='word_1_121' title='bbox 1661 1857 1725 1932; x_wconf 91' lang='lat' dir='ltr'>pro</span> 
     </span>
     <span class='ocr_line' id='line_1_15' title="bbox 348 1937 1728 2033; baseline -0.003 -21"><span class='ocrx_word' id='word_1_122' title='bbox 348 1939 502 2013; x_wconf 90' lang='lat' dir='ltr'>remedio</span> <span class='ocrx_word' id='word_1_123' title='bbox 537 1943 648 2011; x_wconf 90' lang='lat' dir='ltr'>anime</span> <span class='ocrx_word' id='word_1_124' title='bbox 684 1941 825 2030; x_wconf 81' lang='lat' dir='ltr'>eorum,</span> <span class='ocrx_word' id='word_1_125' title='bbox 858 1939 934 2012; x_wconf 91' lang='lat' dir='ltr'>dum</span> <span class='ocrx_word' id='word_1_126' title='bbox 965 1943 1116 2033; x_wconf 89' lang='lat' dir='ltr'>ingressi</span> <span class='ocrx_word' id='word_1_127' title='bbox 1149 1939 1294 2027; x_wconf 77' lang='lat' dir='ltr'>inerint,</span> <span class='ocrx_word' id='word_1_128' title='bbox 1335 1937 1493 2008; x_wconf 85' lang='lat' dir='ltr'>duxerint</span> <span class='ocrx_word' id='word_1_129' title='bbox 1530 1937 1656 2010; x_wconf 87' lang='lat' dir='ltr'>dandas</span> <span class='ocrx_word' id='word_1_130' title='bbox 1692 1945 1728 2008; x_wconf 88' lang='lat' dir='ltr'>at</span> 
     </span>
     <span class='ocr_line' id='line_1_16' title="bbox 347 2037 1726 2135; baseline -0.004 -23"><span class='ocrx_word' id='word_1_131' title='bbox 347 2039 515 2133; x_wconf 87' lang='lat' dir='ltr'>legendas</span> <span class='ocrx_word' id='word_1_132' title='bbox 542 2038 585 2110; x_wconf 92' lang='lat' dir='ltr'>ad</span> <span class='ocrx_word' id='word_1_133' title='bbox 608 2038 778 2135; x_wconf 90' lang='lat' dir='ltr'>hospitale</span> <span class='ocrx_word' id='word_1_134' title='bbox 804 2039 990 2134; x_wconf 91' lang='lat' dir='ltr'>predictum</span> <span class='ocrx_word' id='word_1_135' title='bbox 1016 2037 1140 2110; x_wconf 88' lang='lat' dir='ltr'>dehent</span> <span class='ocrx_word' id='word_1_136' title='bbox 1165 2040 1369 2132; x_wconf 71' lang='lat' dir='ltr'>presentari,</span> <span class='ocrx_word' id='word_1_137' title='bbox 1396 2039 1484 2109; x_wconf 86' lang='lat' dir='ltr'>sicut</span> <span class='ocrx_word' id='word_1_138' title='bbox 1506 2059 1527 2107; x_wconf 90' lang='lat' dir='ltr'>a</span> <span class='ocrx_word' id='word_1_139' title='bbox 1553 2046 1726 2108; x_wconf 91' lang='lat' dir='ltr'>conuentu</span> 
     </span>
     <span class='ocr_line' id='line_1_17' title="bbox 348 2135 1726 2229; baseline -0.003 -18"><span class='ocrx_word' id='word_1_140' title='bbox 348 2151 383 2211; x_wconf 90' lang='lat' dir='ltr'>et</span> <span class='ocrx_word' id='word_1_141' title='bbox 407 2163 427 2210; x_wconf 93' lang='lat' dir='ltr'>a</span> <span class='ocrx_word' id='word_1_142' title='bbox 451 2137 551 2211; x_wconf 90' lang='lat' dir='ltr'>nohis</span> <span class='ocrx_word' id='word_1_143' title='bbox 579 2142 693 2212; x_wconf 87' lang='lat' dir='ltr'>sanius</span> <span class='ocrx_word' id='word_1_144' title='bbox 720 2149 897 2210; x_wconf 89' lang='lat' dir='ltr'>tractatum</span> <span class='ocrx_word' id='word_1_145' title='bbox 924 2149 990 2229; x_wconf 74' lang='lat' dir='ltr'>est,</span> <span class='ocrx_word' id='word_1_146' title='bbox 1017 2137 1210 2228; x_wconf 88' lang='lat' dir='ltr'>diligentius</span> <span class='ocrx_word' id='word_1_147' title='bbox 1239 2147 1273 2207; x_wconf 86' lang='lat' dir='ltr'>et</span> <span class='ocrx_word' id='word_1_148' title='bbox 1293 2135 1491 2208; x_wconf 91' lang='lat' dir='ltr'>ordinatum.</span> <span class='ocrx_word' id='word_1_149' title='bbox 1528 2135 1621 2207; x_wconf 89' lang='lat' dir='ltr'>ldem</span> <span class='ocrx_word' id='word_1_150' title='bbox 1637 2155 1726 2207; x_wconf 89' lang='lat' dir='ltr'>vero</span> 
     </span>
     <span class='ocr_line' id='line_1_18' title="bbox 348 2229 1727 2330; baseline -0.003 -20"><span class='ocrx_word' id='word_1_151' title='bbox 348 2249 505 2311; x_wconf 89' lang='lat' dir='ltr'>statutum</span> <span class='ocrx_word' id='word_1_152' title='bbox 532 2247 567 2309; x_wconf 90' lang='lat' dir='ltr'>et</span> <span class='ocrx_word' id='word_1_153' title='bbox 592 2237 782 2310; x_wconf 88' lang='lat' dir='ltr'>huiusmodi</span> <span class='ocrx_word' id='word_1_154' title='bbox 804 2236 970 2310; x_wconf 88' lang='lat' dir='ltr'>ordinatio</span> <span class='ocrx_word' id='word_1_155' title='bbox 997 2229 1162 2309; x_wconf 85' lang='lat' dir='ltr'>anostris</span> <span class='ocrx_word' id='word_1_156' title='bbox 1179 2234 1439 2310; x_wconf 88' lang='lat' dir='ltr'>successorihus</span> <span class='ocrx_word' id='word_1_157' title='bbox 1455 2239 1501 2306; x_wconf 93' lang='lat' dir='ltr'>in</span> <span class='ocrx_word' id='word_1_158' title='bbox 1526 2245 1727 2330; x_wconf 88' lang='lat' dir='ltr'>perpetuum</span> 
     </span>
     <span class='ocr_line' id='line_1_19' title="bbox 347 2333 1726 2428; baseline 0 -20"><span class='ocrx_word' id='word_1_159' title='bbox 347 2347 421 2408; x_wconf 89' lang='lat' dir='ltr'>ratu</span> <span class='ocrx_word' id='word_1_160' title='bbox 447 2347 481 2408; x_wconf 93' lang='lat' dir='ltr'>et</span> <span class='ocrx_word' id='word_1_161' title='bbox 506 2335 724 2408; x_wconf 90' lang='lat' dir='ltr'>inuiolahiter</span> <span class='ocrx_word' id='word_1_162' title='bbox 748 2348 904 2408; x_wconf 88' lang='lat' dir='ltr'>teneatur</span> <span class='ocrx_word' id='word_1_163' title='bbox 930 2347 964 2409; x_wconf 91' lang='lat' dir='ltr'>et</span> <span class='ocrx_word' id='word_1_164' title='bbox 989 2337 1194 2410; x_wconf 86' lang='lat' dir='ltr'>ohseruetur</span> <span class='ocrx_word' id='word_1_165' title='bbox 1219 2335 1284 2406; x_wconf 93' lang='lat' dir='ltr'>hoc</span> <span class='ocrx_word' id='word_1_166' title='bbox 1311 2335 1458 2424; x_wconf 74' lang='lat' dir='ltr'>adiecto,</span> <span class='ocrx_word' id='word_1_167' title='bbox 1485 2333 1575 2428; x_wconf 89' lang='lat' dir='ltr'>quod</span> <span class='ocrx_word' id='word_1_168' title='bbox 1593 2357 1726 2408; x_wconf 90' lang='lat' dir='ltr'>neces-</span> 
     </span>
     <span class='ocr_line' id='line_1_20' title="bbox 349 2432 1728 2528; baseline -0.003 -19"><span class='ocrx_word' id='word_1_169' title='bbox 349 2441 449 2509; x_wconf 87' lang='lat' dir='ltr'>sitate</span> <span class='ocrx_word' id='word_1_170' title='bbox 475 2441 622 2509; x_wconf 82' lang='lat' dir='ltr'>instante</span> <span class='ocrx_word' id='word_1_171' title='bbox 648 2439 678 2509; x_wconf 87' lang='lat' dir='ltr'>si</span> <span class='ocrx_word' id='word_1_172' title='bbox 702 2436 829 2508; x_wconf 83' lang='lat' dir='ltr'>familia</span> <span class='ocrx_word' id='word_1_173' title='bbox 855 2447 1051 2508; x_wconf 90' lang='lat' dir='ltr'>nostrorum</span> <span class='ocrx_word' id='word_1_174' title='bbox 1067 2437 1376 2506; x_wconf 88' lang='lat' dir='ltr'>concanonicorum</span> <span class='ocrx_word' id='word_1_175' title='bbox 1397 2435 1509 2528; x_wconf 83' lang='lat' dir='ltr'>ulique</span> <span class='ocrx_word' id='word_1_176' title='bbox 1534 2432 1728 2506; x_wconf 84' lang='lat' dir='ltr'>infirmitate</span> 
     </span>
     <span class='ocr_line' id='line_1_21' title="bbox 347 2532 1728 2631; baseline -0.001 -24"><span class='ocrx_word' id='word_1_177' title='bbox 347 2536 407 2607; x_wconf 87' lang='lat' dir='ltr'>vel</span> <span class='ocrx_word' id='word_1_178' title='bbox 432 2534 648 2608; x_wconf 91' lang='lat' dir='ltr'>incommodo</span> <span class='ocrx_word' id='word_1_179' title='bbox 676 2557 843 2631; x_wconf 84' lang='lat' dir='ltr'>oppressa</span> <span class='ocrx_word' id='word_1_180' title='bbox 867 2536 971 2607; x_wconf 83' lang='lat' dir='ltr'>luerit</span> <span class='ocrx_word' id='word_1_181' title='bbox 996 2535 1056 2606; x_wconf 90' lang='lat' dir='ltr'>vel</span> <span class='ocrx_word' id='word_1_182' title='bbox 1080 2534 1231 2624; x_wconf 74' lang='lat' dir='ltr'>turbate,</span> <span class='ocrx_word' id='word_1_183' title='bbox 1258 2533 1300 2604; x_wconf 94' lang='lat' dir='ltr'>ad</span> <span class='ocrx_word' id='word_1_184' title='bbox 1332 2532 1518 2628; x_wconf 90' lang='lat' dir='ltr'>predictum</span> <span class='ocrx_word' id='word_1_185' title='bbox 1544 2533 1728 2628; x_wconf 85' lang='lat' dir='ltr'>hospitale,</span> 
     </span>
     <span class='ocr_line' id='line_1_22' title="bbox 349 2632 1727 2730; baseline 0 -25"><span class='ocrx_word' id='word_1_186' title='bbox 349 2633 426 2705; x_wconf 92' lang='lat' dir='ltr'>dum</span> <span class='ocrx_word' id='word_1_187' title='bbox 453 2637 503 2708; x_wconf 89' lang='lat' dir='ltr'>eis</span> <span class='ocrx_word' id='word_1_188' title='bbox 528 2635 715 2730; x_wconf 88' lang='lat' dir='ltr'>placuerit,</span> <span class='ocrx_word' id='word_1_189' title='bbox 757 2634 977 2728; x_wconf 90' lang='lat' dir='ltr'>deportentur</span> <span class='ocrx_word' id='word_1_190' title='bbox 1003 2645 1038 2705; x_wconf 90' lang='lat' dir='ltr'>et</span> <span class='ocrx_word' id='word_1_191' title='bbox 1064 2633 1220 2727; x_wconf 89' lang='lat' dir='ltr'>quidquid</span> <span class='ocrx_word' id='word_1_192' title='bbox 1246 2637 1297 2705; x_wconf 88' lang='lat' dir='ltr'>eis</span> <span class='ocrx_word' id='word_1_193' title='bbox 1325 2632 1493 2705; x_wconf 92' lang='lat' dir='ltr'>commodi</span> <span class='ocrx_word' id='word_1_194' title='bbox 1519 2632 1578 2704; x_wconf 91' lang='lat' dir='ltr'>vel</span> <span class='ocrx_word' id='word_1_195' title='bbox 1604 2635 1727 2726; x_wconf 88' lang='lat' dir='ltr'>quietis</span> 
     </span>
     <span class='ocr_line' id='line_1_23' title="bbox 347 2731 1729 2829; baseline -0.001 -24"><span class='ocrx_word' id='word_1_196' title='bbox 347 2737 512 2828; x_wconf 85' lang='lat' dir='ltr'>impertiri</span> <span class='ocrx_word' id='word_1_197' title='bbox 537 2737 747 2828; x_wconf 89' lang='lat' dir='ltr'>potuerimus</span> <span class='ocrx_word' id='word_1_198' title='bbox 773 2732 896 2805; x_wconf 92' lang='lat' dir='ltr'>honam</span> <span class='ocrx_word' id='word_1_199' title='bbox 933 2744 968 2805; x_wconf 90' lang='lat' dir='ltr'>et</span> <span class='ocrx_word' id='word_1_200' title='bbox 991 2734 1179 2829; x_wconf 90' lang='lat' dir='ltr'>plenariam</span> <span class='ocrx_word' id='word_1_201' title='bbox 1205 2731 1418 2804; x_wconf 82' lang='lat' dir='ltr'>exihehimus</span> <span class='ocrx_word' id='word_1_202' title='bbox 1444 2732 1655 2804; x_wconf 82' lang='lat' dir='ltr'>uoluntatem</span> <span class='ocrx_word' id='word_1_203' title='bbox 1693 2742 1729 2804; x_wconf 92' lang='lat' dir='ltr'>et</span> 
     </span>
     <span class='ocr_line' id='line_1_24' title="bbox 349 2830 1728 2928; baseline -0.001 -24"><span class='ocrx_word' id='word_1_204' title='bbox 349 2855 445 2920; x_wconf 67' lang='lat' dir='ltr'>eam,</span> <span class='ocrx_word' id='word_1_205' title='bbox 478 2836 508 2905; x_wconf 92' lang='lat' dir='ltr'>si</span> <span class='ocrx_word' id='word_1_206' title='bbox 543 2833 584 2903; x_wconf 93' lang='lat' dir='ltr'>ad</span> <span class='ocrx_word' id='word_1_207' title='bbox 609 2855 674 2904; x_wconf 90' lang='lat' dir='ltr'>nos</span> <span class='ocrx_word' id='word_1_208' title='bbox 699 2837 937 2927; x_wconf 71' lang='lat' dir='ltr'>peremerint,</span> <span class='ocrx_word' id='word_1_209' title='bbox 970 2837 1026 2928; x_wconf 91' lang='lat' dir='ltr'>pie</span> <span class='ocrx_word' id='word_1_210' title='bbox 1052 2831 1260 2904; x_wconf 87' lang='lat' dir='ltr'>studebimus</span> <span class='ocrx_word' id='word_1_211' title='bbox 1285 2841 1507 2926; x_wconf 85' lang='lat' dir='ltr'>pertrectare.</span> <span class='ocrx_word' id='word_1_212' title='bbox 1561 2830 1728 2902; x_wconf 86' lang='lat' dir='ltr'>Similiter</span> 
     </span>
     <span class='ocr_line' id='line_1_25' title="bbox 349 2929 1726 3025; baseline 0 -23"><span class='ocrx_word' id='word_1_213' title='bbox 349 2931 475 3004; x_wconf 90' lang='lat' dir='ltr'>domini</span> <span class='ocrx_word' id='word_1_214' title='bbox 489 2935 523 3002; x_wconf 94' lang='lat' dir='ltr'>in</span> <span class='ocrx_word' id='word_1_215' title='bbox 533 2933 563 3003; x_wconf 93' lang='lat' dir='ltr'>H</span> <span class='ocrx_word' id='word_1_216' title='bbox 574 2953 594 3003; x_wconf 93' lang='lat' dir='ltr'>c</span> <span class='ocrx_word' id='word_1_217' title='bbox 604 2953 628 3002; x_wconf 88' lang='lat' dir='ltr'>v</span> <span class='ocrx_word' id='word_1_218' title='bbox 638 2953 691 3023; x_wconf 88' lang='lat' dir='ltr'>ge</span> <span class='ocrx_word' id='word_1_219' title='bbox 704 2942 738 3003; x_wconf 91' lang='lat' dir='ltr'>et</span> <span class='ocrx_word' id='word_1_220' title='bbox 748 2931 872 3004; x_wconf 93' lang='lat' dir='ltr'>domini</span> <span class='ocrx_word' id='word_1_221' title='bbox 884 2931 995 3004; x_wconf 91' lang='lat' dir='ltr'>Noui</span> <span class='ocrx_word' id='word_1_222' title='bbox 1007 2955 1040 3002; x_wconf 93' lang='lat' dir='ltr'>m</span> <span class='ocrx_word' id='word_1_223' title='bbox 1050 2953 1070 3004; x_wconf 95' lang='lat' dir='ltr'>o</span> <span class='ocrx_word' id='word_1_224' title='bbox 1079 2955 1101 3002; x_wconf 92' lang='lat' dir='ltr'>n</span> <span class='ocrx_word' id='word_1_225' title='bbox 1111 2953 1156 3004; x_wconf 90' lang='lat' dir='ltr'>as</span> <span class='ocrx_word' id='word_1_226' title='bbox 1168 2935 1275 3003; x_wconf 90' lang='lat' dir='ltr'>terii</span> <span class='ocrx_word' id='word_1_227' title='bbox 1287 2929 1415 3002; x_wconf 86' lang='lat' dir='ltr'>facient</span> <span class='ocrx_word' id='word_1_228' title='bbox 1427 2933 1539 3003; x_wconf 91' lang='lat' dir='ltr'>omnia</span> <span class='ocrx_word' id='word_1_229' title='bbox 1548 2929 1726 3025; x_wconf 90' lang='lat' dir='ltr'>prelibata.</span> 
     </span>
     <span class='ocr_line' id='line_1_26' title="bbox 347 3029 1729 3125; baseline -0.003 -21"><span class='ocrx_word' id='word_1_230' title='bbox 347 3031 392 3104; x_wconf 87' lang='lat' dir='ltr'>Et</span> <span class='ocrx_word' id='word_1_231' title='bbox 417 3035 525 3102; x_wconf 90' lang='lat' dir='ltr'>eciam</span> <span class='ocrx_word' id='word_1_232' title='bbox 551 3033 703 3125; x_wconf 88' lang='lat' dir='ltr'>ipsorum</span> <span class='ocrx_word' id='word_1_233' title='bbox 738 3031 887 3122; x_wconf 76' lang='lat' dir='ltr'>familia,</span> <span class='ocrx_word' id='word_1_234' title='bbox 922 3035 952 3103; x_wconf 92' lang='lat' dir='ltr'>si</span> <span class='ocrx_word' id='word_1_235' title='bbox 988 3053 1136 3104; x_wconf 89' lang='lat' dir='ltr'>necesse</span> <span class='ocrx_word' id='word_1_236' title='bbox 1168 3029 1290 3120; x_wconf 70' lang='lat' dir='ltr'>inerit,</span> <span class='ocrx_word' id='word_1_237' title='bbox 1329 3029 1544 3102; x_wconf 86' lang='lat' dir='ltr'>commodum</span> <span class='ocrx_word' id='word_1_238' title='bbox 1575 3032 1729 3100; x_wconf 85' lang='lat' dir='ltr'>inveniet</span> 
     </span>
     <span class='ocr_line' id='line_1_27' title="bbox 348 3127 1729 3226; baseline 0 -27"><span class='ocrx_word' id='word_1_239' title='bbox 348 3139 572 3224; x_wconf 86' lang='lat' dir='ltr'>prenotatam.</span> <span class='ocrx_word' id='word_1_240' title='bbox 599 3127 793 3202; x_wconf 86' lang='lat' dir='ltr'>ltemiltto</span> <span class='ocrx_word' id='word_1_241' title='bbox 809 3134 1004 3226; x_wconf 88' lang='lat' dir='ltr'>prepositus</span> <span class='ocrx_word' id='word_1_242' title='bbox 1020 3141 1053 3201; x_wconf 89' lang='lat' dir='ltr'>et</span> <span class='ocrx_word' id='word_1_243' title='bbox 1067 3129 1264 3202; x_wconf 88' lang='lat' dir='ltr'>Perseus</span> <span class='ocrx_word' id='word_1_244' title='bbox 1279 3129 1428 3203; x_wconf 89' lang='lat' dir='ltr'>decanus</span> <span class='ocrx_word' id='word_1_245' title='bbox 1443 3133 1582 3218; x_wconf 83' lang='lat' dir='ltr'>curiam,</span> <span class='ocrx_word' id='word_1_246' title='bbox 1599 3149 1729 3218; x_wconf 86' lang='lat' dir='ltr'>aream,</span> 
     </span>
     <span class='ocr_line' id='line_1_28' title="bbox 348 3228 1728 3324; baseline 0.001 -26"><span class='ocrx_word' id='word_1_247' title='bbox 348 3239 479 3323; x_wconf 91' lang='lat' dir='ltr'>pratum</span> <span class='ocrx_word' id='word_1_248' title='bbox 507 3239 541 3299; x_wconf 92' lang='lat' dir='ltr'>et</span> <span class='ocrx_word' id='word_1_249' title='bbox 553 3231 718 3323; x_wconf 89' lang='lat' dir='ltr'>piscinam</span> <span class='ocrx_word' id='word_1_250' title='bbox 738 3232 773 3300; x_wconf 94' lang='lat' dir='ltr'>in</span> <span class='ocrx_word' id='word_1_251' title='bbox 786 3229 901 3320; x_wconf 70' lang='lat' dir='ltr'>fluuio,</span> <span class='ocrx_word' id='word_1_252' title='bbox 916 3229 1105 3324; x_wconf 88' lang='lat' dir='ltr'>quidicitur</span> <span class='ocrx_word' id='word_1_253' title='bbox 1124 3228 1299 3318; x_wconf 72' lang='lat' dir='ltr'>werna,</span> <span class='ocrx_word' id='word_1_254' title='bbox 1325 3228 1368 3299; x_wconf 94' lang='lat' dir='ltr'>de</span> <span class='ocrx_word' id='word_1_255' title='bbox 1385 3250 1557 3301; x_wconf 87' lang='lat' dir='ltr'>consensu</span> <span class='ocrx_word' id='word_1_256' title='bbox 1574 3228 1728 3300; x_wconf 85' lang='lat' dir='ltr'>ecclesie</span> 
     </span>
     <span class='ocr_line' id='line_1_29' title="bbox 348 3325 1726 3424; baseline 0 -25"><span class='ocrx_word' id='word_1_257' title='bbox 348 3330 490 3400; x_wconf 87' lang='lat' dir='ltr'>maioris</span> <span class='ocrx_word' id='word_1_258' title='bbox 515 3327 625 3400; x_wconf 89' lang='lat' dir='ltr'>lihere</span> <span class='ocrx_word' id='word_1_259' title='bbox 652 3327 818 3400; x_wconf 89' lang='lat' dir='ltr'>dederunt</span> <span class='ocrx_word' id='word_1_260' title='bbox 842 3329 884 3399; x_wconf 93' lang='lat' dir='ltr'>ad</span> <span class='ocrx_word' id='word_1_261' title='bbox 908 3327 1078 3424; x_wconf 90' lang='lat' dir='ltr'>hospitale</span> <span class='ocrx_word' id='word_1_262' title='bbox 1103 3331 1212 3400; x_wconf 89' lang='lat' dir='ltr'>sancti</span> <span class='ocrx_word' id='word_1_263' title='bbox 1238 3325 1443 3399; x_wconf 86' lang='lat' dir='ltr'>Theoderici</span> <span class='ocrx_word' id='word_1_264' title='bbox 1468 3326 1726 3422; x_wconf 82' lang='lat' dir='ltr'>herbipolense‚</span> 
     </span>
     <span class='ocr_line' id='line_1_30' title="bbox 349 3426 1731 3522; baseline 0 -24"><span class='ocrx_word' id='word_1_265' title='bbox 349 3448 416 3521; x_wconf 88' lang='lat' dir='ltr'>que</span> <span class='ocrx_word' id='word_1_266' title='bbox 441 3427 531 3498; x_wconf 89' lang='lat' dir='ltr'>hona</span> <span class='ocrx_word' id='word_1_267' title='bbox 557 3430 622 3500; x_wconf 89' lang='lat' dir='ltr'>sita</span> <span class='ocrx_word' id='word_1_268' title='bbox 648 3437 725 3499; x_wconf 89' lang='lat' dir='ltr'>sunt</span> <span class='ocrx_word' id='word_1_269' title='bbox 757 3431 792 3498; x_wconf 93' lang='lat' dir='ltr'>in</span> <span class='ocrx_word' id='word_1_270' title='bbox 819 3428 986 3519; x_wconf 75' lang='lat' dir='ltr'>stetin,</span> <span class='ocrx_word' id='word_1_271' title='bbox 1020 3427 1206 3522; x_wconf 89' lang='lat' dir='ltr'>dequibus</span> <span class='ocrx_word' id='word_1_272' title='bbox 1232 3426 1324 3498; x_wconf 90' lang='lat' dir='ltr'>nulla</span> <span class='ocrx_word' id='word_1_273' title='bbox 1350 3427 1482 3497; x_wconf 76' lang='lat' dir='ltr'>damme</span> <span class='ocrx_word' id='word_1_274' title='bbox 1504 3426 1626 3518; x_wconf 72' lang='lat' dir='ltr'>datur,</span> <span class='ocrx_word' id='word_1_275' title='bbox 1662 3447 1731 3498; x_wconf 89' lang='lat' dir='ltr'>nec</span> 
     </span>
     <span class='ocr_line' id='line_1_31' title="bbox 349 3523 1729 3621; baseline 0.002 -25"><span class='ocrx_word' id='word_1_276' title='bbox 349 3529 517 3621; x_wconf 71' lang='lat' dir='ltr'>precaria,</span> <span class='ocrx_word' id='word_1_277' title='bbox 542 3546 609 3596; x_wconf 90' lang='lat' dir='ltr'>neo</span> <span class='ocrx_word' id='word_1_278' title='bbox 634 3525 769 3620; x_wconf 88' lang='lat' dir='ltr'>aliquod</span> <span class='ocrx_word' id='word_1_279' title='bbox 793 3531 846 3600; x_wconf 92' lang='lat' dir='ltr'>ius</span> <span class='ocrx_word' id='word_1_280' title='bbox 873 3526 1080 3614; x_wconf 90' lang='lat' dir='ltr'>advocacie‚·</span> <span class='ocrx_word' id='word_1_281' title='bbox 1114 3530 1149 3597; x_wconf 95' lang='lat' dir='ltr'>in</span> <span class='ocrx_word' id='word_1_282' title='bbox 1184 3529 1313 3620; x_wconf 81' lang='lat' dir='ltr'>piscine</span> <span class='ocrx_word' id='word_1_283' title='bbox 1351 3545 1438 3598; x_wconf 90' lang='lat' dir='ltr'>vero</span> <span class='ocrx_word' id='word_1_284' title='bbox 1474 3526 1588 3598; x_wconf 91' lang='lat' dir='ltr'>nullus</span> <span class='ocrx_word' id='word_1_285' title='bbox 1624 3523 1729 3599; x_wconf 89' lang='lat' dir='ltr'>dehet</span> 
     </span>
     <span class='ocr_line' id='line_1_32' title="bbox 347 3623 1727 3721; baseline 0.002 -26"><span class='ocrx_word' id='word_1_286' title='bbox 347 3629 483 3720; x_wconf 85' lang='lat' dir='ltr'>piscare</span> <span class='ocrx_word' id='word_1_287' title='bbox 508 3628 575 3696; x_wconf 91' lang='lat' dir='ltr'>nisi</span> <span class='ocrx_word' id='word_1_288' title='bbox 602 3625 644 3696; x_wconf 92' lang='lat' dir='ltr'>de</span> <span class='ocrx_word' id='word_1_289' title='bbox 678 3625 853 3698; x_wconf 90' lang='lat' dir='ltr'>voluntate</span> <span class='ocrx_word' id='word_1_290' title='bbox 880 3627 1057 3721; x_wconf 87' lang='lat' dir='ltr'>hospitalis</span> <span class='ocrx_word' id='word_1_291' title='bbox 1093 3629 1202 3698; x_wconf 91' lang='lat' dir='ltr'>sancti</span> <span class='ocrx_word' id='word_1_292' title='bbox 1228 3623 1434 3697; x_wconf 86' lang='lat' dir='ltr'>Theoderici</span> <span class='ocrx_word' id='word_1_293' title='bbox 1472 3624 1727 3720; x_wconf 83' lang='lat' dir='ltr'>herbipolensis</span> 
     </span>
     <span class='ocr_line' id='line_1_33' title="bbox 350 3723 1727 3822; baseline 0 -26"><span class='ocrx_word' id='word_1_294' title='bbox 350 3723 543 3818; x_wconf 86' lang='lat' dir='ltr'>supradicti,</span> <span class='ocrx_word' id='word_1_295' title='bbox 571 3735 625 3797; x_wconf 87' lang='lat' dir='ltr'>set</span> <span class='ocrx_word' id='word_1_296' title='bbox 639 3735 804 3820; x_wconf 88' lang='lat' dir='ltr'>perpetuo</span> <span class='ocrx_word' id='word_1_297' title='bbox 830 3725 970 3822; x_wconf 87' lang='lat' dir='ltr'>pacifica</span> <span class='ocrx_word' id='word_1_298' title='bbox 995 3728 1221 3821; x_wconf 87' lang='lat' dir='ltr'>possessione</span> <span class='ocrx_word' id='word_1_299' title='bbox 1239 3723 1390 3818; x_wconf 91' lang='lat' dir='ltr'>gaudere</span> <span class='ocrx_word' id='word_1_300' title='bbox 1405 3723 1529 3796; x_wconf 88' lang='lat' dir='ltr'>dehent</span> <span class='ocrx_word' id='word_1_301' title='bbox 1544 3735 1579 3796; x_wconf 87' lang='lat' dir='ltr'>et</span> <span class='ocrx_word' id='word_1_302' title='bbox 1601 3729 1727 3819; x_wconf 75' lang='lat' dir='ltr'>mulcta.</span> 
     </span>
     <span class='ocr_line' id='line_1_34' title="bbox 349 3821 1731 3920; baseline 0.001 -26"><span class='ocrx_word' id='word_1_303' title='bbox 349 3821 387 3894; x_wconf 80' lang='lat' dir='ltr'>Si</span> <span class='ocrx_word' id='word_1_304' title='bbox 413 3827 488 3917; x_wconf 82' lang='lat' dir='ltr'>quis</span> <span class='ocrx_word' id='word_1_305' title='bbox 514 3834 626 3896; x_wconf 85' lang='lat' dir='ltr'>uatem</span> <span class='ocrx_word' id='word_1_306' title='bbox 652 3823 717 3895; x_wconf 93' lang='lat' dir='ltr'>hec</span> <span class='ocrx_word' id='word_1_307' title='bbox 742 3834 865 3897; x_wconf 89' lang='lat' dir='ltr'>statuta</span> <span class='ocrx_word' id='word_1_308' title='bbox 891 3825 1040 3920; x_wconf 87' lang='lat' dir='ltr'>predicta</span> <span class='ocrx_word' id='word_1_309' title='bbox 1066 3825 1246 3917; x_wconf 78' lang='lat' dir='ltr'>infregerit</span> <span class='ocrx_word' id='word_1_310' title='bbox 1272 3845 1356 3896; x_wconf 91' lang='lat' dir='ltr'>ausu</span> <span class='ocrx_word' id='word_1_311' title='bbox 1373 3827 1554 3896; x_wconf 84' lang='lat' dir='ltr'>temerario</span> <span class='ocrx_word' id='word_1_312' title='bbox 1581 3823 1641 3895; x_wconf 87' lang='lat' dir='ltr'>vel</span> <span class='ocrx_word' id='word_1_313' title='bbox 1667 3827 1731 3896; x_wconf 85' lang='lat' dir='ltr'>in-</span> 
     </span>
    </p>
   </div>
   <div class='ocr_carea' id='block_1_4' title="bbox 439 4037 708 4115">
    <p class='ocr_par' dir='ltr' id='par_1_4' title="bbox 439 4037 708 4115">
     <span class='ocr_line' id='line_1_35' title="bbox 439 4037 708 4115; baseline 0.007 -16"><span class='ocrx_word' id='word_1_314' title='bbox 439 4037 465 4115; x_wconf 82' lang='lat'>¹)</span> <span class='ocrx_word' id='word_1_315' title='bbox 487 4043 568 4098; x_wconf 84' lang='lat' dir='ltr'>lleesl</span> <span class='ocrx_word' id='word_1_316' title='bbox 587 4041 708 4102; x_wconf 71' lang='lat' dir='ltr'>vertum</span> 
     </span>
    </p>
   </div>
   <div class='ocr_carea' id='block_1_5' title="bbox 0 0 1927 4722">
    <p class='ocr_par' dir='ltr' id='par_1_5' title="bbox 0 0 1927 4722">
     <span class='ocr_line' id='line_1_36' title="bbox 0 0 1927 4722; baseline 0 0"><span class='ocrx_word' id='word_1_317' title='bbox 0 0 1927 4722; x_wconf 95' lang='lat' dir='ltr'> </span> 
     </span>
    </p>
   </div>
  </div>
 </body>
</html>
