3836 4722
930 437 1147 512 Monumenta

953 634 1071 710 XCIV.

907 802 995 864 Αιιιιο
1021 798 1111 865 iliu.

306 934 513 1045 'sigefridus
548 953 731 1045 episcopus
767 949 961 1019 testimonio
988 969 1051 1018 suo
1078 945 1232 1036 roborat,
1258 943 1474 1017 Adelbeidim
1501 943 1543 1016 de
1569 946 1701 1018 Rilrtil-.

321 1049 407 1122 bach
440 1073 521 1125 sese
558 1071 633 1121 cum
670 1048 788 1121 liberis
825 1047 1187 1219 suipopprpppppseplem
1215 1044 1387 1118 ecclesiae
1413 1044 1697 1140 wirciburgensis

421 1318 458 1391 G.
495 1316 532 1389 ln
558 1317 695 1388 nomine
721 1323 840 1386 sancte
867 1324 902 1384 ct
927 1314 1097 1387 indiuidue
1123 1317 1292 1386 trinitatis.
1346 1311 1538 1406 sigefridus
1566 1318 1699 1386 wirce-

321 1418 504 1510 burgensis
532 1415 683 1487 ecclesie
708 1412 844 1486 humilis
871 1417 1035 1486 minister.
1089 1415 1175 1502 Quia
1209 1412 1320 1484 diuina
1355 1413 1491 1484 laucnte
1518 1413 1698 1486 clementia

197 1501 201 1514 ⁵
321 1521 410 1588 inter
443 1515 589 1606 ecclesie
623 1523 781 1607 pastores
815 1516 881 1585 etsi
914 1513 1042 1606 indigni
1075 1514 1188 1586 locum
1215 1516 1377 1586 sortimur
1403 1521 1437 1583 et
1463 1512 1631 1600 cilicium,
1666 1517 1700 1584 in

320 1613 550 1708 exsequendis
590 1611 756 1698 bonorum
791 1611 962 1684 hominum
996 1616 1093 1684 iustis
1129 1635 1171 1684 ac
1206 1611 1271 1684 dcc
1312 1612 1444 1706 placitis
1479 1610 1698 1706 petitionibus

318 1714 455 1786 facilem
489 1723 523 1784 et
555 1721 745 1806 promptum
780 1711 925 1804 prebere
959 1710 1122 1784 debemus
1155 1713 1264 1784 nostri
1299 1733 1490 1783 consensus
1529 1711 1697 1783 ellectum.

320 1813 393 1900 Qua
419 1822 559 1908 propter
581 1821 698 1884 notum
715 1833 795 1882 esse
813 1810 970 1884 uolumus
990 1815 1201 1884 uniuersitati
1225 1809 1373 1881 fidelium
1391 1809 1536 1903 qualiter
1558 1809 1697 1904 quedam

318 1909 423 2004 libere
450 1911 653 1984 conditionis
667 1909 1050 1982 matronnAdelheid
1074 1914 1210 1982 nomine
1225 1909 1266 1980 de
1282 1908 1447 1982 llihtilb
1459 1909 1535 1980 acb
1562 1908 1693 1982 liberos

318 2033 400 2084 suos
427 2013 734 2102 berengerum
777 2007 937 2080 videlicet
970 2021 1004 2081 et
1034 2009 1292 2082 Richeidem
1326 2030 1401 2079 cum
1434 2011 1579 2103 quinque
1614 2007 1694 2080 liliis

320 2114 393 2182 eius
419 2111 702 2202 berengero,
727 2107 963 2180 Adelhobo
991 2119 1025 2179 et
1049 2109 1313 2202 Egisbcrtc,
1339 2106 1632 2180 Adelbcroue
1662 2119 1697 2180 et

320 2209 550 2298 Conrado,
585 2218 619 2280 et
656 2205 762 2278 tribus
797 2205 929 2282 filiabus
953 2205 1234 2296 Adelhcida,
1268 2205 1532 2300 Adelburga
1558 2219 1592 2278 et
1619 2208 1696 2279 lli·

319 2308 474 2380 cbeida
508 2329 611 2402 super
643 2307 804 2400 reliquias
835 2310 986 2401 preciosi
1022 2310 1180 2402 marteris
1219 2305 1343 2378 Christi
1369 2305 1506 2401 Keliani
1542 2306 1697 2400 legitime

318 2406 541 2498 contradidit,
581 2429 620 2480 se
655 2410 729 2500 ipsa
765 2407 994 2500 personaliter
1027 2406 1178 2492 adiecta3
1222 2403 1407 2478 secundum
1441 2427 1551 2497 genus
1587 2406 1696 2476 seculi

318 2508 453 2599 eligens
480 2510 592 2602 potius
618 2508 651 2576 in
677 2505 805 2576 familia
831 2503 951 2578 domus
979 2505 1034 2576 dei
1060 2508 1259 2599 computari,
1286 2525 1384 2598 quam
1405 2507 1493 2574 inter
1514 2502 1604 2578 filios
1624 2505 1695 2578 ho-

318 2611 441 2678 minum
467 2627 554 2676 uana
581 2603 721 2698 quadam
738 2603 896 2674 libertate
910 2604 1063 2697 gloriari.
1090 2603 1187 2675 Hanc
1203 2615 1315 2675 mmen
1331 2601 1534 2676 conditionis
1551 2603 1695 2676 forman

317 2729 376 2798 sue
404 2705 575 2777 traditioni
601 2701 728 2796 prelata
755 2712 909 2772 matrona
935 2705 1151 2797 interposuit,
1177 2713 1211 2773 ut
1239 2713 1304 2774 tam
1330 2705 1404 2796 ipse
1423 2725 1521 2795 quam
1544 2701 1693 2778 heredes

316 2807 494 2899 prescripti
521 2805 698 2894 omnisque
725 2823 843 2873 eorum
869 2806 1062 2895 posteritas,
1081 2805 1249 2876 annuatim
1276 2801 1412 2874 infesto
1435 2800 1587 2874 eiusdem
1608 2803 1695 2896 glo-

316 2905 401 2976 riosi
428 2905 533 2998 patris
560 2924 601 2972 ac
626 2902 760 2995 patroni
784 2903 907 2992 nostri,
934 2911 1004 2974 tres
1031 2900 1190 2974 denarios
1217 2911 1274 2971 aut
1296 2923 1412 2987 corum
1430 2905 1631 2995 pensionem
1653 2904 1694 2974 ad

316 3002 423 3074 aliare
449 3000 635 3096 principale
661 2998 873 3093 persoluent,
899 3010 935 3071 et
958 3004 1004 3072 ita
1028 2999 1089 3072 sub
1113 3003 1295 3071 emunitate
1316 3000 1524 3074 censualium
1542 3000 1695 3074 ecclesie

316 3101 607 3194 wirceburgensis
625 3098 724 3170 liberi
741 3097 782 3170 ab
805 3101 896 3171 omni
912 3103 1059 3172 omnium
1076 3098 1267 3172 mortalium
1284 3099 1436 3170 violenta
1453 3103 1692 3193 oppressione,

315 3199 490 3296 deinceps,
515 3198 716 3294 ubicumque
732 3208 897 3270 terrarum
914 3198 1067 3271 habitare
1089 3199 1317 3286 decreuerint,
1333 3200 1535 3276 consistant.
1565 3198 1694 3272 Verum

314 3303 391 3395 quia
423 3311 504 3373 nutu
530 3298 585 3370 dei
610 3302 644 3370 in
670 3301 746 3392 ipsc
774 3296 829 3370 die
856 3298 945 3371 sesto
973 3321 1057 3393 sepe
1089 3295 1285 3370 nominandi
1317 3300 1477 3392 marteris
1511 3301 1693 3370 missarum

313 3400 495 3474 sollemnia
522 3396 739 3486 celebraturi,
765 3395 843 3467 hnic
869 3395 1042 3469 donationi
1064 3397 1290 3492 corporaliter
1304 3395 1530 3485 interfuimus,
1556 3405 1694 3470 exorati

313 3510 379 3572 tam
405 3498 447 3570 ab
475 3502 549 3594 ipsa
575 3520 671 3591 quam
700 3495 844 3568 diximus
869 3495 1008 3586 semina,
1033 3518 1130 3590 quam
1158 3493 1303 3567 anobili
1322 3495 1417 3566 clero
1440 3505 1475 3566 ct
1498 3496 1693 3570 honorabili

312 3599 477 3671 laicorum
504 3600 681 3687 instantia,
717 3595 890 3668 deuotioni
917 3595 981 3668 deo
1009 3595 1130 3686 deuote
1156 3595 1309 3666 mulieris
1336 3617 1526 3688 supremam
1554 3617 1690 3668 manum

313 3701 523 3770 auctoritatis
565 3707 682 3788 nostre
718 3697 961 3788 imposuimus,
1001 3697 1170 3788 presentis
1211 3694 1333 3787 pagine
1368 3697 1562 3767 testimonio
1600 3697 1691 3790 quod

311 3797 435 3869 lactum
471 3807 525 3869 est
558 3795 762 3867 roborantes
797 3803 832 3863 et
864 3815 907 3863 ne
943 3793 1012 3866 ulla
1038 3793 1274 3884 ecclesiastica
1301 3793 1512 3883 secularisve
1538 3817 1690 3890 persona

310 3895 462 3990 prelatos
494 3895 649 3967 homines
683 3903 741 3965 aut
772 3901 933 3986 posteros
971 3915 1090 3964 eorum
1125 3893 1188 3962 iuri
1215 3913 1278 3964 suo
1305 3891 1507 3983 nendicare,
1541 3892 1690 3968 abeato

309 3995 458 4091 Kyliano
486 3995 637 4066 alienare
664 3993 720 4066 uel
747 3990 788 4062 ab
815 3993 898 4086 ipsis
925 4002 1038 4088 preter
1060 3992 1092 4064 id
1113 3989 1202 4086 quod
1224 3993 1441 4066 constitutum
1459 4003 1514 4066 est
1530 3995 1582 4067 eis
1605 3996 1691 4066 vio-
