3774 4728
305 451 375 529 352
894 448 1113 530 nemmem

171 681 174 689 ·
304 669 339 730 et
366 658 438 732 suis
463 653 646 728 heredibus
674 659 918 750 inperpetuum
944 659 1117 751 pertinere
1132 711 1140 728 .
1157 709 1191 726 ..
1235 654 1279 726 lit
1306 663 1341 724 ut
1365 654 1430 726 heo
1446 653 1691 728 inuiolabiliter

304 757 533 831 obseruentnr
574 765 770 850 presentem
808 759 965 850 papinum
1000 756 1124 828 exinde
1160 757 1389 849 conscriptam
1416 755 1541 849 sigillis
1566 765 1690 830 nostro

304 868 339 930 et
362 859 473 930 nostri
499 856 637 950 capituli
678 879 719 926 eo
755 857 919 950 sepedicti
954 854 1089 930 Ottonis
1125 855 1241 929 militis
1275 855 1436 930 iussimus
1476 859 1690 928 communiri.

302 961 426 1030 Actum
454 977 543 1028 anno
569 955 740 1028 dominice
764 955 809 1027 ill.
829 955 896 1027 CO.
924 957 1205 1051 quinquagesimo
1231 958 1353 1051 primo,
1380 955 1448 1027 Vl⁰⁴
1476 955 1550 1030 idus
1564 956 1692 1046 Martii,

304 1055 489 1129 indictione
515 1053 651 1146 vtltle,
677 1054 890 1151 pontificatus
916 1061 1027 1129 nostri
1053 1079 1142 1131 anno
1168 1058 1335 1132 vicesimo
1363 1065 1476 1130 sexto.

512 1253 694 1336 Appendent
715 1259 770 1323 tria
793 1254 901 1339 sigilla,
925 1255 1016 1318 laesa.

919 1699 1081 1810 oooxn

611 1906 699 1972 Anno
723 1902 828 1989 1251,
851 1924 956 1970 mense
978 1905 1084 1986 blartti,
1107 1902 1185 1987 apud
1206 1903 1396 1992 ereeburg.

307 2089 521 2170 Hermannns
548 2091 801 2190 herbipolensis
828 2097 1025 2190 episcopas,
1051 2091 1170 2163 decern
1198 2103 1232 2164 et
1259 2104 1338 2166 octo
1355 2113 1495 2166 mansos
1521 2089 1692 2162 inBibel-

308 2197 396 2286 riet,
433 2219 519 2290 qnos
553 2193 749 2270 Friderions
788 2217 907 2269 eomes
946 2193 988 2264 de
1023 2191 1162 2266 Castele
1196 2193 1238 2264 ab
1273 2194 1423 2268 eeclesia
1458 2190 1692 2287 herbipolensi

308 2297 345 2367 in
369 2295 474 2368 feodo
500 2295 717 2392 possederat,
744 2295 951 2370 etiratribus
970 2293 1147 2388 hospitalis
1165 2291 1200 2366 S.
1217 2293 1380 2368 lobannis
1407 2291 1693 2367 iherosolimitani

308 2397 345 2467 in
370 2395 547 2494 Herbipoli
573 2395 786 2487 vendiderat,
813 2394 943 2470 eisdem
970 2393 1155 2484 iratribus,
1195 2398 1345 2491 acceptis
1384 2397 1418 2467 in
1455 2403 1694 2468 restauruma

310 2498 436 2570 comite
461 2497 635 2593 praedicto
662 2495 793 2570 dnobus
819 2494 955 2570 allodiis
996 2503 1031 2565 et
1069 2504 1199 2589 septem
1235 2491 1410 2588 iugeribus
1444 2497 1623 2568 vinearum
1660 2494 1695 2564 in

474 2595 708 2671 Schernauwe
735 2607 771 2668 et
796 2605 939 2692 quatuor
965 2596 1092 2668 mansis
1119 2596 1153 2666 in
1179 2593 1311 2688 Vruelt,
1337 2593 1523 2668 confirmat.

410 2764 435 2837 l.
462 2791 496 2842 n.
524 2790 552 2842 s.
581 2789 612 2840 e.
639 2771 661 2839 i.
688 2777 712 2838 t.
741 2790 770 2838 a.
822 2765 1102 2838 Hermannus
1129 2762 1183 2835 dei
1198 2767 1307 2858 gratia
1319 2764 1573 2862 herbipolensis
1594 2767 1694 2861 epis-

312 2889 419 2962 copus
459 2870 631 2942 vnlnersis
673 2866 800 2940 Christi
838 2863 994 2936 fidelibus
1034 2868 1068 2936 in
1107 2875 1316 2960 perpetuum.
1377 2864 1591 2938 Nouerint..
1626 2875 1695 2937 tam

312 2970 499 3064 presentis,
525 2989 623 3061 qrrem
647 2966 752 3038 lutari
779 2969 834 3036 eui
862 2964 986 3038 Christi
1013 2963 1146 3053 fideles,
1172 2963 1262 3059 qnod
1284 2987 1357 3038 oum
1374 2963 1500 3038 iratres
1515 2966 1695 3062 hospitalis

312 3069 421 3142 saneti
458 3067 622 3142 lobannis
660 3065 943 3139 iherosolimitani
981 3067 1015 3136 in
1041 3063 1274 3162 Herbipoli
1310 3065 1592 3140 aFriderioo
1618 3068 1695 3137 uiro

312 3165 432 3256 nobili,
459 3169 583 3239 comite
600 3165 642 3238 de
669 3165 861 3240 (lastels
886 3168 1047 3239 uniuersa
1066 3163 1155 3236 bona
1172 3187 1246 3257 sua,
1272 3187 1337 3260 que
1353 3164 1467 3238 babuit
1492 3163 1696 3238 inBibel-

312 3269 404 3338 riet
431 3269 517 3355 sita,
544 3269 579 3338 in
604 3269 720 3360 agris,
745 3269 872 3363 pratis,
898 3269 1032 3356 vineis,
1059 3265 1177 3356 siluis,
1204 3267 1360 3361 pascuis,
1386 3270 1544 3361 piscinis,
1570 3269 1636 3340 niis
1663 3277 1700 3338 et

313 3369 414 3440 inuiis
441 3376 476 3437 et
502 3365 657 3439 omnibus
682 3367 760 3440 eliis
797 3365 918 3437 ibidem
958 3366 999 3438 ad
1026 3387 1102 3437 eum
1129 3364 1359 3462 spectantibus
1392 3370 1573 3464 emptionis
1598 3365 1699 3439 titulo

315 3477 588 3560 comparassent,
615 3477 650 3538 et
676 3467 718 3538 de
744 3469 829 3562 ipsis
855 3465 955 3539 bonis
982 3465 1101 3537 decem
1128 3476 1163 3537 et
1189 3477 1268 3538 ooto
1296 3485 1435 3540 mansos
1461 3467 1550 3538 idem
1577 3487 1698 3539 eomes

314 3563 459 3640 anobis
487 3568 522 3638 in
547 3565 651 3638 leode
677 3566 885 3663 possideret,
922 3566 963 3637 ad
988 3569 1094 3661 ipsius
1130 3569 1263 3639 comitis
1288 3568 1493 3660 peticionem
1519 3563 1700 3642 honestem

314 3687 382 3740 neo
406 3687 476 3738 non
502 3676 537 3738 et
562 3665 702 3739 fratrum
727 3667 849 3764 prelati
881 3666 1080 3761 hospitalis,
1122 3665 1210 3737 iacta
1242 3664 1343 3739 nobis
1377 3671 1700 3763 recompensatione

316 3764 487 3857 condigne
521 3777 558 3840 et
589 3777 748 3840 restauro
785 3765 966 3841 sufficienti
1004 3767 1174 3836 acomite
1213 3777 1393 3859 prenotato
1425 3772 1460 3840 in
1487 3767 1587 3842 bonis
1614 3772 1701 3860 suis,

315 3865 452 3940 scilieet
463 3867 499 3938 in
512 3865 821 3942 Scherneuwe
837 3865 968 3938 duobus
985 3863 1120 3938 allodiis
1138 3875 1173 3936 et
1186 3877 1317 3960 septem
1331 3868 1507 3962 iugeribus
1524 3872 1700 3941 uinearum

315 3964 441 4038 ibidem
468 3976 503 4038 et
514 3977 658 4062 proluar
670 3969 798 4040 mensis
825 3969 858 4038 in
873 3965 1045 4050 Vruelt,
1073 3968 1234 4060 emptioni
1255 3965 1345 4038 lacte
1361 3991 1540 4042 assensum
1554 3967 1700 4040 libertam

318 4063 515 4145 adhibemus
549 4075 584 4140 et
617 4087 694 4140 eam
728 4069 847 4164 scripti
881 4069 991 4143 nostri
1028 4067 1200 4161 presentis
1225 4071 1416 4164 patrocinio
1441 4073 1703 4164 conmmanimus,
