3794 4722
351 447 422 521 104
803 547 805 552 ι
919 444 1137 522 Monumenta

229 694 232 703 -
350 668 449 742 quarn
474 645 575 719 futuri
591 649 754 744 temporis
772 645 964 719 hominibus
984 645 1073 741 quod
1093 643 1226 740 quidam
1240 644 1283 716 de
1297 655 1415 738 nostre
1429 647 1575 718 ciuitatis
1594 643 1724 720 ciuibus

347 745 591 820 Bertoldus
616 750 767 838 nomine,
793 745 1246 840 cognominoHunselim
1277 748 1404 816 auriam
1429 767 1525 820 suam
1549 743 1727 840 inplatea‚

349 865 414 941 quo
439 847 544 940 uulgo
572 845 692 918 dieitur
717 845 1009 940 Smidogane‚
1036 848 1156 934 sitam,
1188 848 1312 939 inqua
1338 855 1372 916 et
1397 847 1472 940 ipse
1497 847 1624 939 ingiter
1649 867 1727 917 oum

345 946 475 1018 familia
500 969 561 1020 sua
587 969 727 1019 manere
754 945 899 1036 solebat,
923 944 1025 1016 beato
1051 944 1186 1016 Kiiiano
1211 951 1331 1017 nostro
1357 953 1502 1040 patrono
1530 967 1606 1016 oum
1632 947 1728 1016 omni

346 1050 421 1118 iure
448 1067 511 1120 suo
537 1049 672 1141 integra
696 1045 855 1118 libertate
881 1043 1094 1135 contradidit,
1120 1044 1184 1116 hae
1202 1043 1409 1136 conditione,
1435 1055 1471 1116 ut
1485 1048 1561 1140 ipse
1580 1043 1727 1117 eandem

345 1167 413 1217 una
440 1169 515 1217 cum
539 1169 652 1219 uxore
685 1168 746 1219 sua
771 1143 1050 1216 Inmindruda
1076 1147 1213 1216 nomine
1239 1168 1258 1215 a
1284 1167 1383 1216 manu
1409 1142 1529 1216 decani
1553 1148 1627 1216 iure
1654 1143 1727 1219 ob·-

344 1245 483 1320 lationis
509 1249 681 1342 reciperet
707 1255 741 1316 et
766 1248 935 1316 annuatim
968 1248 1019 1316 eis
1044 1243 1235 1318 uiuentibus
1269 1246 1303 1316 in
1336 1244 1426 1317 festo
1464 1247 1574 1318 sancti
1599 1243 1728 1316 Kiliani

346 1344 432 1418 duos
460 1367 584 1418 cereos
610 1349 708 1416 unius
735 1343 820 1436 libre
847 1343 889 1415 ad
915 1366 1079 1417 summum
1099 1343 1207 1415 altare
1227 1343 1454 1440 persolueret.
1489 1345 1726 1435 Premoriente

345 1467 432 1517 uero
466 1445 630 1516 alterutra
664 1465 782 1516 eorum
807 1465 958 1538 persona
982 1454 1092 1515 morte
1119 1445 1184 1514 uiri
1208 1441 1277 1516 LX.
1304 1465 1462 1534 mensure
1484 1446 1575 1534 uini,
1613 1447 1727 1517 morte

343 1554 455 1616 autem
481 1548 601 1617 uxoris
627 1543 692 1615 duo
718 1543 822 1616 modii
846 1546 947 1615 tritiei
973 1554 1008 1615 et
1033 1547 1067 1615 in
1094 1542 1188 1615 obitv
1214 1553 1248 1614 et
1272 1545 1307 1614 in
1332 1547 1568 1617 anniuersario
1603 1565 1726 1616 eorum

345 1646 514 1715 munaum
539 1643 781 1739 persoluentur
807 1647 956 1714 extincta
983 1641 1157 1715 oblatione
1182 1642 1225 1714 de
1251 1646 1375 1716 cereis.
1408 1643 1482 1714 Hae
1507 1654 1619 1716 autem
1644 1654 1725 1716 tra-

345 1743 473 1814 ditione
506 1766 568 1838 per
601 1765 720 1814 manus
753 1741 1134 1815 fidecommissariorum
1167 1740 1288 1838 prefati
1319 1745 1383 1813 uiri
1409 1743 1572 1815 uidelicet
1596 1743 1725 1816 domini
1773 1814 1779 1823 ,

341 1842 535 1915 Botonis
562 1853 597 1916 et
621 1842 823 1936 Billnngi
849 1843 985 1916 sculteti
1008 1841 1097 1913 faeta
1132 1853 1166 1912 et
1191 1845 1417 1937 possessione
1443 1842 1594 1916 eiusdem
1629 1846 1724 1936 curie

342 1963 405 2036 per
423 1965 543 2016 manus
564 1941 749 2014 eorumdem
767 1952 801 2013 et
820 1942 963 2013 aliorum
980 1941 1257 2013 uidelicetLuto
1269 1940 1332 2012 idi
1352 1944 1508 2031 iunioris,
1533 1941 1724 2015 Heroldi

343 2043 628 2137 eamerararii[i]‚
654 2040 1121 2131 GoteboldiSinistri‚
1146 2039 1724 2132 Rioualmifiliiutahthildis,

341 2139 533 2213 Heroldi
558 2145 600 2214 in
626 2141 751 2230 foro,
776 2141 982 2235 Billungi
1010 2140 1197 2214 Comitis
1215 2149 1365 2235 recepta,
1391 2141 1469 2214 talis
1490 2139 1640 2213 conditio
1668 2151 1726 2215 est

342 2242 566 2336 interposita⁷
598 2251 634 2312 nt
666 2240 752 2337 apud
777 2244 873 2336 ipsos
900 2249 935 2312 et
960 2263 1043 2314 suos
1076 2241 1250 2334 legitimos
1283 2239 1449 2331 heredes,
1483 2244 1575 2313 omni
1608 2231 1724 2313 aliena

341 2361 504 2435 persona,
530 2363 596 2436 que
619 2363 689 2413 non
716 2363 762 2412 ex
787 2343 954 2434 sanguine
981 2362 1099 2413 eorum
1125 2342 1356 2435 processerit,
1396 2340 1561 2431 exclusa,
1599 2340 1723 2414 eadem

342 2443 448 2531 ouria,
473 2443 540 2514 nisi
560 2441 735 2513 uoluntate
759 2443 911 2540 ipsomm
937 2441 995 2512 uel
1020 2439 1182 2513 heredum
1209 2461 1347 2512 suorum
1368 2441 1426 2512 uel
1445 2441 1643 2514 uenditione
1662 2441 1724 2513 uol

341 2543 605 2613 commutatione
640 2539 863 2613 transferatur
897 2540 958 2612 sub
997 2540 1115 2612 eadem
1152 2537 1346 2611 conditione
1383 2552 1568 2614 remaneat.
1620 2539 1725 2628 oron

341 2661 430 2732 ergo
467 2639 591 2712 iactum
630 2650 703 2732 est,
753 2642 924 2734 presentis
967 2643 1083 2736 scripti
1118 2641 1242 2733 pagina
1283 2637 1578 2732 confirmamus,
1617 2653 1652 2713 et
1689 2645 1725 2713 oi

341 2743 576 2811 auctoritatem
601 2742 828 2835 impressione
862 2738 968 2832 sigilli
1000 2743 1109 2814 nostri
1147 2737 1310 2812 dedimus.
1362 2737 1400 2814 Si
1437 2744 1511 2835 quis
1545 2743 1648 2836 igitur
1688 2741 1725 2813 id

340 2839 376 2908 in
413 2849 588 2933 postorum
632 2837 774 2910 alieuius
822 2837 891 2910 doli
935 2844 1190 2935 presumptione
1223 2837 1411 2931 infringere
1453 2839 1510 2911 nel
1548 2839 1723 2914 infirmare

341 2941 589 3032 attemptanerit
613 2937 790 3010 anathema
816 2941 860 3011 sit
874 2940 1079 3012 maranatha.
1124 2939 1270 3011 Testes:
1298 2937 1495 3011 Goteiridus
1511 2944 1620 3012 maior
1631 2963 1723 3036 pre-

340 3041 485 3132 positus,
510 3039 660 3110 Perseus
687 3037 849 3129 decanus,
873 3039 1054 3112 Bertoldus
1068 3039 1263 3135 prepositus
1279 3036 1321 3109 de
1336 3038 1528 3132 Tuteleibs‚
1553 3037 1723 3114 Aibertus

341 3147 471 3226 eustos,
497 3135 670 3210 iohannes
691 3137 907 3228 soolastious,
934 3139 1128 3213 Goteiridus
1155 3146 1286 3226 cantor,
1313 3135 1488 3214 Cinradus
1516 3141 1723 3216 cellerarius

340 3245 375 3308 et
401 3246 493 3308 totus
519 3237 562 3308 de
588 3235 690 3308 domo
717 3249 915 3312 conuentus.
967 3239 1059 3312 Laioi
1085 3239 1310 3335 prenominati
1344 3259 1419 3308 eum
1451 3240 1593 3334 reliquis
1620 3263 1724 3336 quarn

338 3335 504 3431 piurimis.
555 3336 644 3407 Aeta
677 3360 766 3410 anno
799 3338 964 3430 dominice
999 3337 1240 3412 incarnationis
1275 3336 1335 3410 M0·
1352 3338 1404 3410 0⁰·
1421 3337 1620 3431 tumulo,
1658 3343 1723 3412 in-

339 3435 487 3508 dictione
498 3435 572 3525 vil,
596 3447 763 3530 regnante
788 3438 1041 3532 gloriosissimo
1057 3440 1288 3513 Romanorum
1302 3439 1511 3534 imperatore
1526 3439 1721 3534 tridento,

334 3535 502 3633 Boppone
525 3535 657 3609 urbano
684 3542 808 3610 comite
834 3541 1016 3610 existente.

548 3735 826 3882 imtgfflumtconegfi
849 3735 879 3800 S.
903 3735 1009 3799 Kiiiani
1040 3737 1079 3800 de
1101 3737 1190 3802 domo
1211 3743 1391 3820 impressum
1412 3748 1441 3806 in
1464 3745 1599 3824 margine
1622 3745 1720 3802 muti-

560 3839 639 3884 aum
661 3839 716 3885 es.
