3768 4728
301 411 375 532 ael
881 449 1101 526 Monumenta

301 661 417 719 comitis
448 653 554 738 prelati
588 673 623 718 ae
655 662 827 718 nostrorum
849 654 1014 736 sigillorum
1036 655 1198 716 munimine
1229 651 1357 716 fecimus
1387 647 1532 713 reborari.
1577 645 1688 709 Actum

301 739 379 824 apud
401 739 580 824 llerhipoltm
602 758 678 804 anno
701 739 812 804 domini
835 739 990 802 millesimo
1007 739 1213 804 ducentesimo
1229 735 1472 822 quadragesimo,
1495 737 1602 796 octauo
1617 727 1688 792 lrlus

300 827 378 908 hlaii,
401 825 487 889 illle·
511 825 680 890 indictione.

508 1011 692 1098 Appendent
713 1020 829 1097 septem
852 1015 966 1098 sigilla:
990 1017 1022 1092 a)
1037 1013 1166 1078 Heinriei
1183 1011 1358 1100 landgravii,
1380 1013 1415 1090 h)
1430 1015 1565 1097 magistri
1580 1007 1689 1089 hospt-

510 1101 578 1164 telis
601 1119 627 1166 s.
649 1099 761 1164 hieriae
783 1099 1051 1179 Thcutorricorom,
1074 1097 1109 1178 3)
1131 1101 1250 1182 capituli
1272 1099 1514 1182 herbipolensis,
1547 1094 1583 1180 d)
1605 1093 1689 1159 tter-

511 1191 608 1250 mannl
632 1191 774 1268 episcopi,
798 1191 829 1262 e)
846 1185 994 1267 bopponis
1009 1191 1128 1250 comitis
1150 1185 1189 1250 cle
1208 1183 1419 1268 Hennenherc,
1441 1184 1691 1268 siprueceptoris

512 1272 709 1354 Allemaniae,
731 1279 766 1355 g)
789 1271 933 1336 Gotolrirli
956 1271 994 1339 ‹lo
1016 1271 1200 1338 Hebenloch.

511 1386 631 1454 Erlitum
650 1395 681 1453 tn
703 1389 899 1472 Schocppach
920 1388 1112 1473 henneberg.
1135 1385 1376 1452 Urhumleobuoh
1399 1385 1420 1452 l.
1442 1385 1493 1450 llr.
1522 1381 1581 1464 293
1604 1385 1691 1450 (iru-

513 1479 579 1539 aert
599 1491 705 1558 opusc.
729 1473 763 1542 ll.
786 1473 849 1540 307
870 1483 903 1540 et
925 1476 1109 1564 schoettgen
1133 1479 1165 1538 et
1185 1472 1408 1558 llrepslpirlipl.
1432 1472 1466 1538 ll.
1489 1467 1561 1536 589.

918 1854 1078 1972 ccax'v.

763 2097 851 2162 liano
876 2091 979 2180 tato,
1003 2113 1109 2162 mense
1131 2093 1230 2162 lunio.

308 2281 505 2362 Gothirirlus
544 2284 586 2358 de
611 2283 804 2362 Hohialoeh
842 2283 979 2361 domino
1017 2285 1213 2365 Hermanno
1253 2283 1417 2382 episcopo
1456 2277 1692 2378 herbipolensi

307 2385 470 2474 auxilium
497 2395 616 2462 cerua
643 2409 778 2461 omnem
812 2385 983 2462 hominem
1018 2385 1155 2460 domino
1194 2387 1401 2482 imperatore
1420 2391 1472 2456 ὀι
1504 2376 1576 2454 suis
1611 2375 1691 2456 iltis

824 2492 981 2585 exceptis
1007 2489 1181 2584 promittit.

407 2656 434 2730 Ι.
461 2681 494 2732 n.
521 2658 553 2732 d.
581 2683 611 2731 a.
663 2658 742 2753 ligo
774 2655 1044 2731 Gothiridns
1080 2653 1123 2728 de
1154 2652 1430 2744 llohinloch,
1467 2672 1690 2749 recognosco

308 2757 526 2855 presentibus
552 2759 677 2832 litteris
704 2769 739 2830 et
764 2767 950 2854 protestor,
977 2755 1249 2852 qaoddominum
1276 2754 1692 2828 meumllermannnm

308 2855 544 2929 uenerabilem
569 2855 847 2954 herbipolensem
874 2861 1070 2956 episcopum
1097 2867 1132 2930 et
1150 2853 1334 2928 ecclesiam
1351 2874 1459 2945 suam,
1485 2857 1519 2927 in
1536 2855 1693 2927 omnihus

309 2957 460 3049 negotiis
486 2959 651 3052 ipsorum,
677 2967 796 3030 contra
823 2979 958 3030 onlnem
983 2957 1154 3029 hominem
1182 2954 1318 3028 domino
1339 2959 1545 3052 imperatore
1573 2957 1692 3030 etsuis

308 3055 387 3130 filiis
415 3061 571 3154 exceptis
597 3055 743 3130 fideliter
769 3058 923 3132 consiliis
950 3067 985 3130 et
1000 3057 1136 3130 auxiliis
1158 3053 1335 3130 adiuuuhe.
1389 3053 1577 3146 Siculam,
1604 3053 1695 3152 quod

311 3155 412 3246 absit,
438 3158 528 3230 inter
554 3155 723 3232 dominum
749 3180 862 3230 meum
889 3160 1086 3253 episcopum
1114 3166 1234 3230 oontm
1250 3155 1391 3230 fratrem
1405 3177 1516 3232 meum
1534 3159 1695 3230 comitem

310 3257 585 3354 Popponcm,
611 3280 675 3332 seu
708 3261 798 3330 iuter
830 3257 937 3348 illos,
962 3257 1082 3353 quibus
1115 3256 1206 3330 lilios
1244 3274 1342 3330 meos
1377 3256 1435 3329 uel
1473 3256 1561 3330 uuas
1598 3277 1694 3330 meas

310 3357 470 3453 copulari
495 3357 553 3430 uel
577 3360 693 3431 inante
718 3357 1079 3431 concedenterlomino
1096 3355 1277 3454 copulabo,
1303 3355 1696 3446 discordiasurrexerit,

311 3461 411 3556 ipsos
438 3458 607 3530 mediante
636 3461 774 3552 justicia
810 3457 868 3532 nel
905 3457 1073 3531 amicabili
1106 3461 1356 3555 compositione
1397 3455 1440 3528 erl
1476 3457 1696 3530 concordiam

309 3555 496 3631 reuocabo.
547 3555 591 3631 llt
617 3562 646 3631 si
672 3559 810 3650 forsan,
841 3559 1034 3656 quadros
1073 3580 1255 3656 presumo,
1296 3567 1358 3655 pe'r
1384 3555 1554 3632 dominum
1583 3581 1695 3631 meum

310 3661 508 3756 episcopum
535 3667 653 3748 staret,
680 3661 859 3755 quominus
885 3659 952 3733 hoc
977 3658 1088 3750 lieret,
1113 3682 1184 3732 non
1210 3682 1271 3732 ero
1305 3657 1371 3734 sibi
1397 3655 1530 3732 debitor
1558 3658 1697 3732 consilii

312 3757 371 3832 nol
396 3759 513 3832 auxilii
555 3770 673 3834 contra
710 3763 818 3856 ipsos.
870 3758 1138 3855 interpositione
1164 3763 1281 3854 vtique
1319 3757 1397 3830 urei
1437 3781 1492 3832 me
1528 3757 1698 3834 confiteor

312 3858 454 3952 ligatum
479 3858 521 3930 rnl
547 3858 797 3932 obseruantiam
826 3863 973 3932 omnium
999 3861 1266 3955 promissorum,
1291 3859 1465 3948 adiciens,
1491 3869 1528 3930 ut
1553 3863 1583 3932 si
1609 3863 1699 3931 iuter

315 3957 455 4030 tratrem
482 3979 578 4032 snum
605 3959 775 4032 dominum
801 3960 1123 4050 hartmannum,
1148 3959 1322 4056 patrocles
1348 3979 1431 4033 snos
1458 3958 1501 4032 cle
1517 3958 1698 4032 laohde-

314 4055 695 4150 intaminatum
720 4057 1118 4154 uirumhlangoldum
1145 4059 1188 4132 de
1213 4058 1437 4156 Wiltperc
1457 4058 1698 4135 etsaosfflios
