3838 4728
896 146 905 183 l

340 431 414 509 576
923 417 1143 527 llonmnta

340 629 588 710 vindemiarum
600 630 663 709 sub
672 635 751 730 ipsc
764 639 882 708 monle
906 629 1154 729 Vronberg
1169 631 1387 707 medictatem
1397 629 1608 721 tociusvini,
1632 625 1724 724 quod

340 735 383 809 de
410 741 493 833 ipsis
509 745 590 808 tunc
610 735 769 831 prouenit
779 735 907 826 vineis,
933 735 997 809 sub
1022 733 1204 808 medietate
1230 753 1472 832 expensarum,
1495 753 1581 830 quas
1596 739 1724 803 tantun

341 841 433 910 circe
457 836 682 927 collectores,
707 836 894 931 portitores
919 838 1039 909 violet
1063 835 1226 910 custodes
1241 835 1360 908 lacere
1378 832 1583 924 tenebimur,
1601 833 1723 927 assig-

221 939 224 954 '
279 961 287 975 ¹
339 937 500 1028 nabunt,¹
513 947 674 1034 preterea
687 945 877 1009 memorato
895 958 1046 1032 persone
1064 935 1235 1032 predictas
1261 937 1384 1010 vineas
1410 937 1592 1030 sexaginta
1615 931 1722 1029 plau-

340 1041 457 1114 stratis
482 1037 552 1110 limi
577 1047 613 1109 et
636 1035 777 1110 totidem
802 1035 999 1132 plaustratis
1013 1047 1106 1110 terre
1132 1039 1167 1109 in
1193 1034 1280 1112 silua
1305 1044 1439 1128 nostra,
1464 1037 1558 1108 circa
1572 1042 1725 1107 montem

339 1137 587 1232 Vronberg
611 1140 699 1228 sita,
732 1136 931 1233 accipiende
956 1141 1054 1213 annis
1081 1136 1227 1232 singulis
1254 1134 1495 1212 stercorebunt
1527 1144 1563 1208 et
1601 1135 1724 1232 quouis

341 1262 430 1314 anno
447 1238 620 1312 duomilia
636 1236 866 1330 serculorum,
888 1240 945 1334 qui
969 1236 1224 1334 mechlinge
1249 1236 1416 1328 dicuntur,
1440 1239 1595 1312 inserent
1608 1237 1723 1310 vineis

339 1339 556 1436 supradietis,
582 1341 634 1413 sie
659 1349 784 1428 tamen,
811 1337 914 1439 quod,
940 1341 971 1413 si
997 1339 1089 1412 ultra
1114 1338 1305 1412 iamdictus
1332 1337 1483 1412 culturas
1508 1357 1723 1434 quocumque

341 1463 431 1513 anno
457 1443 635 1536 quiequam
661 1439 861 1530 adiecerint,
886 1439 954 1512 boc
978 1439 1089 1534 ipsum
1108 1441 1160 1513 eis
1186 1441 1284 1512 annis
1310 1437 1414 1512 debet
1438 1433 1723 1533 subsequentibus

340 1544 515 1639 amputari.
567 1537 650 1620 Illas
676 1543 791 1636 itaque
815 1538 986 1634 predictas
1012 1549 1049 1612 et
1074 1561 1195 1615 omnes
1221 1539 1321 1630 alias,
1352 1559 1565 1635 quocumque
1585 1540 1724 1611 nomine

340 1649 566 1734 censeantur,
604 1639 755 1715 culturas
794 1638 926 1715 debitas
962 1637 1084 1712 eedem
1108 1661 1260 1736 persone
1285 1639 1413 1714 facient
1445 1639 1544 1712 annis
1577 1637 1724 1734 singolis

342 1741 472 1838 absque
508 1744 638 1816 nostris
672 1749 708 1813 et
732 1749 928 1816 nostrorum
956 1763 1198 1816 successorum
1223 1739 1398 1818 laboribus
1425 1749 1460 1813 et
1483 1742 1662 1836 expensis,
1689 1747 1724 1812 ot

340 1845 506 1937 quociens
532 1845 568 1914 in
593 1863 804 1938 quacumque
841 1841 972 1914 cultura
1007 1841 1228 1936 negligentes
1267 1841 1310 1915 ad
1335 1843 1590 1914 accusationem
1619 1842 1724 1934 jurati

339 1943 498 2016 vinitoris
531 1944 642 2018 nostri
665 1951 805 2038 reperte
828 1941 967 2034 luerint,
1000 1945 1134 2019 tociens
1160 1941 1261 2018 nobis
1295 1939 1338 2016 ad
1363 1941 1579 2017 solucionem
1603 1937 1731 2024 decem

339 2041 502 2116 librarum
515 2041 732 2118 denariorum
745 2041 999 2138 herbipolensis
1013 2053 1153 2120 monete
1173 2046 1209 2116 in
1227 2063 1351 2140 penam
1362 2042 1585 2138 negligencie
1598 2039 1724 2118 buius-

339 2142 433 2216 modi
458 2141 681 2234 tenebuntur,
719 2142 762 2217 de
800 2166 867 2239 qua
904 2142 1070 2240 siquidem
1096 2143 1278 2220 solucione
1302 2143 1345 2217 ad
1368 2147 1462 2241 ipsas
1487 2163 1656 2240 personas
1682 2165 1725 2216 ac

339 2242 381 2316 ad
421 2242 515 2320 illam
554 2246 627 2318 vini
653 2243 890 2322 medietatem.
911 2267 974 2319 eas
1007 2246 1266 2341 contingentem
1302 2253 1500 2342 respectum
1524 2241 1724 2322 babebimus

339 2347 521 2418 ιιιιιιιιιῐίιιι.
575 2343 669 2420 Sane
693 2355 874 2442 postquam
889 2343 979 2420 dicte
1004 2367 1156 2442 persono
1181 2345 1241 2422 uel
1265 2369 1321 2437 ea,
1347 2369 1413 2442 que
1438 2347 1474 2420 in
1497 2345 1723 2444 predictarum

338 2449 517 2521 vinearum
543 2449 772 2544 possessione
796 2445 911 2537 fuerit,
937 2445 1077 2522 easdem
1101 2449 1225 2522 vineas
1251 2457 1320 2520 tam
1345 2449 1381 2522 in
1406 2445 1726 2536 stercorationibus,

339 2569 439 2645 quam
466 2547 693 2639 surculorum,
717 2557 755 2620 nt
777 2545 984 2644 predicitur,
1021 2546 1245 2623 insiciunibus
1281 2547 1324 2622 ad
1348 2547 1536 2646 perlectum
1560 2557 1596 2620 et
1620 2567 1723 2622 cout-

338 2649 467 2746 pletam
504 2648 727 2745 perduxerint
761 2648 945 2741 culturam,
981 2651 1028 2721 ita
1065 2647 1156 2746 quod
1186 2648 1252 2724 biis
1278 2648 1419 2726 culturis
1445 2645 1592 2722 comode
1615 2667 1724 2744 posse

340 2769 463 2822 carere
489 2749 532 2822 ad
556 2759 691 2848 tempus
717 2747 843 2846 aliquid
866 2749 1059 2842 videantur,
1081 2773 1131 2824 ex
1155 2761 1236 2824 tune
1250 2749 1374 2824 eedem
1398 2769 1552 2850 perseum
1577 2747 1620 2822 ad
1643 2757 1723 2820 ter-

340 2852 479 2940 minum,
514 2873 614 2945 quern
640 2848 772 2927 eisdem
796 2853 925 2926 vinitm
949 2859 1071 2927 noster
1094 2854 1224 2926 iuratus
1251 2861 1288 2925 et
1319 2853 1415 2926 ciues
1440 2849 1725 2939 karlestatenses,

341 2971 429 3047 uuus
455 2949 497 3022 ad
522 2950 591 3024 boc
616 2951 905 3050 deputanerimus,
931 2954 1130 3045 currerint,
1171 2962 1250 3028 sunt
1286 2953 1464 3027 ccultum
1488 2949 1724 3027 huiuscemodi

340 3049 541 3143 releuande,
566 3056 661 3149 ipsas
687 3052 838 3128 culturas
860 3061 941 3150 post
963 3050 1127 3126 indultum
1143 3055 1209 3146 eis,
1234 3063 1271 3128 ut
1293 3056 1507 3152 premittitur,
1532 3055 1725 3144 terminum,

341 3151 385 3225 ad
402 3155 670 3250 requisicionem
684 3156 845 3230 vinitoris
871 3163 907 3228 et
932 3155 1056 3226 ciuium
1067 3153 1299 3251 predictorum
1314 3159 1412 3230 annis
1427 3151 1573 3250 singulis
1598 3155 1725 3228 iterato

340 3252 444 3328 uelud
469 3262 570 3328 antea
594 3255 740 3350 lecture,
766 3255 860 3328 iuxta
884 3253 976 3351 quod
1001 3259 1163 3351 exegerit
1186 3261 1378 3334 necessitas
1404 3255 1599 3346 vinearum,
1625 3256 1724 3328 alio-

342 3355 422 3450 quin
446 3353 547 3430 nobis
574 3354 618 3430 ad
643 3379 732 3450 earn,
768 3377 834 3451 que
859 3355 1057 3452 predicitur,
1082 3379 1204 3453 penam
1229 3368 1267 3431 ut
1290 3359 1443 3454 primitus
1469 3366 1547 3433 sunt
1572 3360 1723 3432 astricte.
1806 3353 1823 3384 ‘¹

341 3453 416 3530 Nos
443 3477 580 3554 propre
605 3457 736 3535 eisdem
761 3457 936 3554 personis,
961 3465 998 3528 nt
1018 3456 1119 3553 palos
1144 3457 1339 3551 non'ultra,
1364 3477 1463 3554 quom
1490 3459 1547 3552 qui
1562 3457 1606 3531 ad
1630 3460 1724 3556 ipsas

341 3560 464 3633 vinem
489 3568 628 3634 nostras
666 3559 843 3648 sufficiam,
882 3561 919 3630 in
958 3579 1103 3631 nemore
1142 3568 1264 3633 nostro
1297 3557 1593 3653 Langeulocb
1632 3557 1724 3633 dicto

343 3659 515 3730 mundun
529 3659 717 3752 succidant,
743 3655 964 3734 concedimus
979 3673 1021 3732 ac
1044 3659 1258 3734 viminariam
1273 3657 1356 3731 illud
1380 3662 1415 3733 in
1440 3657 1579 3734 flumine
1592 3657 1725 3755 biugi,

342 3755 431 3854 apud
454 3755 682 3832 blivlbacb
706 3761 868 3858 positum,
893 3757 985 3856 qood
999 3769 1112 3833 wert
1129 3759 1262 3851 dicitur,
1287 3763 1339 3834 ele
1354 3757 1397 3832 ml
1425 3779 1510 3834 usus
1528 3759 1724 3854 ligaminum

342 3879 386 3930 ea
411 3859 464 3932 sic
487 3855 1034 3959 libertatedeputamus‚ntnemc
1048 3859 1264 3954 eliuspreter
1278 3859 1724 3958 earumdemperscnarum,

343 3955 501 4051 quamdin
525 3960 691 4054 mxemnt,
714 3959 975 4037 voluntatemin
992 3959 1053 4032 illo
1080 3979 1236 4056 umquam
1253 3961 1371 4036 lacere
1396 3963 1575 4060 quicquam
1601 3963 1726 4038 audeat

344 4065 402 4132 aut
425 4067 613 4160 attemptet.
662 4063 738 4148 iliis
776 4069 889 4139 autem
915 4061 1065 4170 [mutuor
1089 4065 1250 4163 personis
1276 4061 1439 4164 predictis
1464 4082 1536 4152 nup
1561 4066 1725 4150 existen·
