3776 4730
915 441 1135 551 bionumeuta

930 799 1137 877 cocum.

824 999 916 1068 nuno
941 998 1044 1086 nate,
1067 1000 1120 1068 27.
1142 1000 1222 1069 nan.

326 1189 512 1269 bertoldus
539 1187 688 1262 decanos
717 1197 892 1286 totumque
918 1189 1101 1286 capitulum
1114 1190 1255 1262 maioris
1279 1186 1454 1262 ecclesiae
1467 1183 1719 1285 herbipolensis
1818 1279 1820 1287 Ι

331 1293 576 1366 concanonicis
601 1288 753 1362 Rudolio
780 1289 822 1363 de
848 1289 1060 1366 Vssenkeim
1096 1301 1132 1364 et
1156 1289 1355 1363 Hermanno
1394 1289 1437 1362 de
1464 1287 1636 1386 Wiltpere
1660 1291 1719 1360 in-

329 1397 437 1468 iurias
465 1393 678 1465 committunt
703 1389 934 1484 dirimendas,
972 1415 1055 1488 quas
1089 1387 1285 1464 Fritlericus
1319 1389 1514 1486 presbiter,
1555 1391 1720 1480 vicarius,

329 1493 439 1568 tribus
466 1495 564 1566 annis
591 1494 763 1567 continuis
790 1515 853 1588 per
878 1493 1076 1566 Heinricum
1102 1491 1228 1564 dictum
1254 1489 1296 1562 de
1313 1489 1580 1584 Galtanhausen,
1606 1493 1720 1562 civem

331 1593 624 1694 herbipolensem,
648 1595 683 1664 in
708 1591 823 1684 bonis,
847 1597 883 1666 in
910 1591 1159 1668 Gundersleibe
1187 1594 1283 1681 sitis,
1318 1591 1360 1664 ad
1386 1591 1573 1668 ecclesiam
1597 1588 1720 1666 berbi·

642 1691 824 1789 polensem
848 1692 1112 1792 pertinentibus,
1138 1713 1328 1789 perpessus
1355 1703 1421 1768 est.

432 1863 681 1941 Bertoltlus
709 1863 859 1937 decanus
886 1873 1060 1959 totumque
1088 1864 1270 1962 capitulum
1296 1867 1437 1941 maioris
1463 1863 1617 1942 ecclesie
1632 1863 1720 1937 ber-

331 1965 524 2065 bipoleusis
550 1968 725 2041 uniuersis
752 1964 878 2040 Christi
904 1963 1059 2038 fidelibus
1085 1964 1147 2038 bas
1174 1965 1308 2038 litteras
1334 1970 1548 2062 percepturis
1574 1965 1720 2041 salutem

331 2071 368 2142 in
403 2065 552 2140 domino.
604 2065 870 2140 Fridericus
907 2064 1101 2162 presbiter,
1137 2065 1288 2140 vicarius
1328 2076 1474 2157 noster,
1511 2070 1545 2140 in
1582 2065 1720 2140 Christo

329 2166 430 2244 nobis
457 2167 630 2258 dilectus,
665 2171 700 2240 iu
727 2165 875 2262 capitulo
915 2177 1037 2240 nostro
1078 2165 1282 2240 multociens
1320 2189 1537 2262 conquerens
1579 2169 1720 2240 iniurias

329 2267 438 2343 tribus
464 2266 1163 2363 ennissibieontinueperlleinricum
1189 2265 1312 2339 dictum
1336 2266 1719 2357 decaltenbusen,

331 2372 443 2442 ciuem
468 2367 762 2464 herbipolensem,
788 2371 961 2464 irrogatas
989 2389 1092 2464 super
1114 2369 1235 2442 annuis
1261 2371 1384 2461 viginti
1409 2367 1549 2442 maldris
1565 2367 1719 2464 siliginis

331 2468 397 2547 sibi
423 2467 600 2545 soluendis
627 2467 716 2542 inira
742 2471 1010 2566 assumptionem
1047 2478 1082 2552 et
1106 2469 1315 2539 natiuitatem
1347 2468 1456 2541 biario
1494 2471 1640 2563 virginis
1678 2467 1721 2541 tle

332 2568 434 2646 bonis
461 2569 626 2644 videlicet
654 2571 801 2666 quinque
814 2591 991 2644 mansuum
1018 2571 1165 2640 etunius
1192 2571 1286 2640 curie
1313 2591 1388 2640 cum
1415 2571 1607 2642 attinenciis
1633 2572 1720 2642 vni-

332 2673 448 2746 uersis
477 2673 552 2746 sitis
579 2673 614 2743 in
640 2667 995 2759 Gundersleibe,
1022 2665 1231 2740 adnostram
1259 2668 1444 2744 ecclesiam
1460 2667 1721 2766 pertinentibus,

331 2793 432 2866 quem
459 2782 601 2867 propter
637 2771 891 2864 negligenciam
924 2771 1061 2842 nimiam
1100 2767 1267 2840 bonorum
1304 2768 1534 2864 predictorum
1571 2769 1719 2842 alienum

330 2871 451 2944 facere
476 2870 702 2961 nolebamus,
737 2869 801 2942 sed
834 2869 924 2964 quod
960 2881 1061 2942 tenor
1094 2878 1130 2941 et
1153 2867 1264 2942 forma
1290 2869 1465 2942 literarum
1491 2873 1601 2968 ipsum
1627 2893 1721 2944 eorr-

331 2981 476 3044 tractum
503 2973 753 3044 continencium
780 2967 951 3042 innuebat.
1001 2966 1075 3042 Nos
1102 2977 1215 3041 tamen
1231 2972 1342 3064 magis
1356 2973 1495 3066 pietate,
1521 2993 1620 3066 qnam
1635 2975 1720 3046 iuris

331 3075 452 3166 rigore
479 3069 593 3162 ducti,
632 3072 863 3144 commisimus
902 3069 1039 3142 domino
1065 3067 1262 3142 Rudolio
1300 3069 1343 3142 de
1369 3069 1650 3144 Vssenlreim
1684 3083 1721 3144 et

333 3169 473 3245 domino
499 3171 755 3244 Hermanno
781 3169 824 3242 tle
848 3169 1079 3265 Wiltpere
1103 3173 1231 3244 uostris
1259 3169 1485 3244 confratribus
1510 3173 1544 3244 in
1573 3173 1720 3246 salutem

332 3275 445 3346 anime
473 3293 593 3344 eorum
620 3293 740 3345 omnes
766 3273 908 3344 iniurias
935 3268 1146 3366 supradictas
1173 3269 1390 3361 dirimendas,
1417 3275 1473 3367 qui
1494 3271 1609 3346 multis
1627 3295 1720 3345 cou-

332 3371 573 3451 saltationibus
586 3370 709 3446 habitis
724 3371 859 3444 tandem
876 3379 1077 3459 statuerunt,
1104 3369 1195 3464 quod
1209 3371 1420 3466 supradictus
1436 3371 1474 3442 F.
1491 3371 1534 3443 de
1547 3375 1719 3468 quiuqua-

335 3477 431 3569 ginta
456 3471 597 3546 maldris
613 3471 720 3547 tribus
734 3475 832 3544 annis
851 3471 1022 3566 neglectis
1035 3469 1160 3544 XXX2·
1174 3469 1303 3543 maldra
1329 3471 1464 3568 preiuto
1490 3471 1531 3544 H.
1542 3472 1720 3546 relaxaret

335 3572 482 3668 siugulis
520 3575 616 3646 annis
657 3571 745 3645 inira
782 3571 933 3668 prelatas
972 3570 1244 3666 sollempnitates
1284 3570 1384 3644 beate
1427 3575 1575 3666 virginis
1608 3573 1718 3647 llario

333 3673 427 3748 XXl·
441 3671 571 3746 maldra
597 3672 744 3768 siliginis
770 3683 1014 3769 percepturus,
1049 3692 1114 3765 que
1147 3673 1178 3744 si
1203 3680 1299 3744 certo
1324 3674 1471 3745 termino
1497 3695 1567 3746 non
1592 3673 1721 3747 inerint

334 3774 461 3865 soluta,
487 3783 781 3871 sepemomoratus
796 3773 837 3846 ll.
865 3783 901 3844 et
914 3794 1007 3844 vxor
1032 3769 1378 3864 soallergardis,
1404 3795 1554 3846 necnon
1569 3771 1718 3850 heredes

332 3873 469 3966 borum,
493 3873 559 3948 biis
584 3872 685 3948 bonis
712 3869 907 3946 omnimode
942 3869 1172 3968 priuabuutnr.
1222 3868 1468 3946 Niobilominus
1503 3875 1534 3948 si
1560 3871 1603 3946 (le
1640 3875 1718 3948 aliis

334 3975 427 4049 XX*-
443 3973 582 4048 maldris
609 3973 797 4048 induciatus
824 3969 976 4044 infesto
1002 3968 1244 4067 purificationis
1269 3970 1371 4046 beate
1397 3975 1543 4066 virginis
1557 3979 1719 4068 proximo

335 4073 463 4160 Xtton
488 4074 718 4173 persoluerit,
754 4096 800 4147 ex
825 4081 905 4146 tune
929 4073 1005 4169 ipse
1029 4069 1071 4144 il.
1100 4080 1136 4144 at
1159 4091 1252 4145 vxor
1277 4094 1339 4152 sua
1363 4071 1617 4169 llergardis
1645 4097 1717 4150 ex-
