<?xml version="1.0" encoding="UTF-8"?>
<!DOCTYPE html PUBLIC "-//W3C//DTD XHTML 1.0 Transitional//EN"
    "http://www.w3.org/TR/xhtml1/DTD/xhtml1-transitional.dtd">
<html xmlns="http://www.w3.org/1999/xhtml" xml:lang="en" lang="en">
 <head>
  <title>
</title>
<meta http-equiv="Content-Type" content="text/html;charset=utf-8" />
  <meta name='ocr-system' content='tesseract 3.04.00' />
  <meta name='ocr-capabilities' content='ocr_page ocr_carea ocr_par ocr_line ocrx_word'/>
</head>
<body>
  <div class='ocr_page' id='page_1' title='image "./monumentaboica00karagoog_0144.png"; bbox 0 0 3794 4722; ppageno 0'>
   <div class='ocr_carea' id='block_1_1' title="bbox 354 433 1240 527">
    <p class='ocr_par' dir='ltr' id='par_1_1' title="bbox 354 433 1240 527">
     <span class='ocr_line' id='line_1_1' title="bbox 354 433 1240 527; baseline 0 -1"><span class='ocrx_word' id='word_1_1' title='bbox 354 441 428 526; x_wconf 70' lang='lat'><strong>12¹2</strong></span> <span class='ocrx_word' id='word_1_2' title='bbox 934 445 1154 527; x_wconf 65' lang='lat' dir='ltr'><strong>uolonum</strong></span> <span class='ocrx_word' id='word_1_3' title='bbox 1238 433 1240 452; x_wconf 81' lang='lat'>&#39;</span> 
     </span>
    </p>
   </div>
   <div class='ocr_carea' id='block_1_2' title="bbox 315 601 1736 744">
    <p class='ocr_par' dir='ltr' id='par_1_2' title="bbox 315 601 1736 744">
     <span class='ocr_line' id='line_1_2' title="bbox 315 601 1736 744; baseline -0.001 -21"><span class='ocrx_word' id='word_1_4' title='bbox 315 601 329 744; x_wconf 30' lang='lat'><strong>⁸,</strong></span> <span class='ocrx_word' id='word_1_5' title='bbox 352 647 466 723; x_wconf 71' lang='lat' dir='ltr'><strong>salon</strong></span> <span class='ocrx_word' id='word_1_6' title='bbox 502 645 591 720; x_wconf 77' lang='lat' dir='ltr'><strong>lacta</strong></span> <span class='ocrx_word' id='word_1_7' title='bbox 624 647 794 722; x_wconf 73' lang='lat' dir='ltr'><strong>lentona</strong></span> <span class='ocrx_word' id='word_1_8' title='bbox 830 649 1026 726; x_wconf 85' lang='lat' dir='ltr'><strong>sedetiam</strong></span> <span class='ocrx_word' id='word_1_9' title='bbox 1064 651 1199 728; x_wconf 88' lang='lat' dir='ltr'><strong>modum</strong></span> <span class='ocrx_word' id='word_1_10' title='bbox 1234 651 1287 722; x_wconf 85' lang='lat' dir='ltr'><strong>rei</strong></span> <span class='ocrx_word' id='word_1_11' title='bbox 1320 655 1396 720; x_wconf 86' lang='lat' dir='ltr'><strong>acte</strong></span> <span class='ocrx_word' id='word_1_12' title='bbox 1421 645 1585 744; x_wconf 75' lang='lat' dir='ltr'><strong>temporis</strong></span> <span class='ocrx_word' id='word_1_13' title='bbox 1610 641 1736 722; x_wconf 75' lang='lat' dir='ltr'><strong>deleat</strong></span> 
     </span>
    </p>
   </div>
   <div class='ocr_carea' id='block_1_3' title="bbox 248 745 1868 4146">
    <p class='ocr_par' dir='ltr' id='par_1_3' title="bbox 248 745 1868 4146">
     <span class='ocr_line' id='line_1_3' title="bbox 352 745 1725 848; baseline 0.001 -27"><span class='ocrx_word' id='word_1_14' title='bbox 352 745 494 838; x_wconf 70' lang='lat' dir='ltr'><strong>elluo,</strong></span> <span class='ocrx_word' id='word_1_15' title='bbox 520 747 793 824; x_wconf 74' lang='lat' dir='ltr'><strong>ellmoissluaur</strong></span> <span class='ocrx_word' id='word_1_16' title='bbox 815 754 991 848; x_wconf 76' lang='lat' dir='ltr'><strong>scripture·</strong></span> <span class='ocrx_word' id='word_1_17' title='bbox 1009 753 1195 827; x_wconf 88' lang='lat' dir='ltr'><strong>remedium</strong></span> <span class='ocrx_word' id='word_1_18' title='bbox 1221 758 1339 824; x_wconf 84' lang='lat' dir='ltr'><strong>contra</strong></span> <span class='ocrx_word' id='word_1_19' title='bbox 1368 746 1436 820; x_wconf 83' lang='lat' dir='ltr'><strong>hoc</strong></span> <span class='ocrx_word' id='word_1_20' title='bbox 1459 759 1516 822; x_wconf 86' lang='lat' dir='ltr'><strong>est</strong></span> <span class='ocrx_word' id='word_1_21' title='bbox 1538 750 1725 822; x_wconf 77' lang='lat' dir='ltr'><strong>irruentum.</strong></span> 
     </span>
     <span class='ocr_line' id='line_1_4' title="bbox 349 845 1726 948; baseline -0.001 -26"><span class='ocrx_word' id='word_1_22' title='bbox 349 845 457 945; x_wconf 54' lang='lat' dir='ltr'><strong>luitur</strong></span> <span class='ocrx_word' id='word_1_23' title='bbox 479 857 548 920; x_wconf 71' lang='lat' dir='ltr'><strong>lau</strong></span> <span class='ocrx_word' id='word_1_24' title='bbox 573 849 792 944; x_wconf 71' lang='lat' dir='ltr'><strong>pseamtdu</strong></span> <span class='ocrx_word' id='word_1_25' title='bbox 804 872 904 948; x_wconf 79' lang='lat' dir='ltr'><strong>quam</strong></span> <span class='ocrx_word' id='word_1_26' title='bbox 919 853 1041 928; x_wconf 73' lang='lat' dir='ltr'><strong>nitaris</strong></span> <span class='ocrx_word' id='word_1_27' title='bbox 1059 858 1095 926; x_wconf 88' lang='lat' dir='ltr'><strong>iu</strong></span> <span class='ocrx_word' id='word_1_28' title='bbox 1112 853 1248 926; x_wconf 81' lang='lat' dir='ltr'><strong>Olrristo</strong></span> <span class='ocrx_word' id='word_1_29' title='bbox 1263 846 1417 922; x_wconf 83' lang='lat' dir='ltr'><strong>fidelibus</strong></span> <span class='ocrx_word' id='word_1_30' title='bbox 1434 859 1550 920; x_wconf 77' lang='lat' dir='ltr'><strong>notrum</strong></span> <span class='ocrx_word' id='word_1_31' title='bbox 1568 847 1726 934; x_wconf 77' lang='lat' dir='ltr'><strong>meinos,</strong></span> 
     </span>
     <span class='ocr_line' id='line_1_5' title="bbox 350 945 1742 1043; baseline -0.006 -23"><span class='ocrx_word' id='word_1_32' title='bbox 350 945 440 1042; x_wconf 88' lang='lat' dir='ltr'><strong>quod</strong></span> <span class='ocrx_word' id='word_1_33' title='bbox 478 967 556 1019; x_wconf 84' lang='lat' dir='ltr'><strong>mm</strong></span> <span class='ocrx_word' id='word_1_34' title='bbox 589 947 740 1023; x_wconf 85' lang='lat' dir='ltr'><strong>ecclesia</strong></span> <span class='ocrx_word' id='word_1_35' title='bbox 770 961 891 1026; x_wconf 69' lang='lat' dir='ltr'><strong>noema</strong></span> <span class='ocrx_word' id='word_1_36' title='bbox 921 957 956 1027; x_wconf 90' lang='lat' dir='ltr'><strong>in</strong></span> <span class='ocrx_word' id='word_1_37' title='bbox 990 952 1045 1028; x_wconf 90' lang='lat' dir='ltr'><strong>die</strong></span> <span class='ocrx_word' id='word_1_38' title='bbox 1078 952 1300 1026; x_wconf 73' lang='lat' dir='ltr'><strong>dedicationis</strong></span> <span class='ocrx_word' id='word_1_39' title='bbox 1334 970 1398 1022; x_wconf 87' lang='lat' dir='ltr'><strong>soe</strong></span> <span class='ocrx_word' id='word_1_40' title='bbox 1423 971 1486 1043; x_wconf 90' lang='lat' dir='ltr'><strong>per</strong></span> <span class='ocrx_word' id='word_1_41' title='bbox 1511 968 1624 1020; x_wconf 87' lang='lat' dir='ltr'><strong>arrum</strong></span> <span class='ocrx_word' id='word_1_42' title='bbox 1648 945 1742 1020; x_wconf 84' lang='lat' dir='ltr'><strong>idei.</strong></span> 
     </span>
     <span class='ocr_line' id='line_1_6' title="bbox 350 1047 1727 1145; baseline -0.002 -24"><span class='ocrx_word' id='word_1_43' title='bbox 350 1067 482 1142; x_wconf 72' lang='lat' dir='ltr'><strong>sporum</strong></span> <span class='ocrx_word' id='word_1_44' title='bbox 508 1071 572 1122; x_wconf 81' lang='lat' dir='ltr'><strong>suo</strong></span> <span class='ocrx_word' id='word_1_45' title='bbox 584 1048 720 1122; x_wconf 82' lang='lat' dir='ltr'><strong>Christo</strong></span> <span class='ocrx_word' id='word_1_46' title='bbox 746 1062 844 1124; x_wconf 82' lang='lat' dir='ltr'><strong>esset</strong></span> <span class='ocrx_word' id='word_1_47' title='bbox 868 1057 1011 1145; x_wconf 75' lang='lat' dir='ltr'><strong>sociata,</strong></span> <span class='ocrx_word' id='word_1_48' title='bbox 1036 1076 1101 1126; x_wconf 89' lang='lat' dir='ltr'><strong>uos</strong></span> <span class='ocrx_word' id='word_1_49' title='bbox 1120 1050 1241 1126; x_wconf 89' lang='lat' dir='ltr'><strong>eodem</strong></span> <span class='ocrx_word' id='word_1_50' title='bbox 1264 1048 1421 1122; x_wconf 77' lang='lat' dir='ltr'><strong>diedone</strong></span> <span class='ocrx_word' id='word_1_51' title='bbox 1436 1053 1472 1120; x_wconf 88' lang='lat' dir='ltr'><strong>ln</strong></span> <span class='ocrx_word' id='word_1_52' title='bbox 1486 1047 1727 1140; x_wconf 78' lang='lat' dir='ltr'><strong>lullings-</strong></span> 
     </span>
     <span class='ocr_line' id='line_1_7' title="bbox 351 1145 1727 1250; baseline -0.001 -30"><span class='ocrx_word' id='word_1_53' title='bbox 351 1147 502 1220; x_wconf 79' lang='lat' dir='ltr'><strong>soleta</strong></span> <span class='ocrx_word' id='word_1_54' title='bbox 539 1148 687 1222; x_wconf 86' lang='lat' dir='ltr'><strong>consilio</strong></span> <span class='ocrx_word' id='word_1_55' title='bbox 721 1154 862 1226; x_wconf 82' lang='lat' dir='ltr'><strong>meionis</strong></span> <span class='ocrx_word' id='word_1_56' title='bbox 900 1157 1066 1250; x_wconf 86' lang='lat' dir='ltr'><strong>prepositi</strong></span> <span class='ocrx_word' id='word_1_57' title='bbox 1100 1151 1299 1240; x_wconf 46' lang='lat' dir='ltr'><strong>Alhertiq</strong></span> <span class='ocrx_word' id='word_1_58' title='bbox 1330 1147 1569 1222; x_wconf 78' lang='lat' dir='ltr'><strong>Godelridi</strong></span> <span class='ocrx_word' id='word_1_59' title='bbox 1601 1145 1727 1220; x_wconf 23' lang='lat' dir='ltr'><strong>*demut</strong></span> 
     </span>
     <span class='ocr_line' id='line_1_8' title="bbox 349 1246 1728 1348; baseline -0.003 -28"><span class='ocrx_word' id='word_1_60' title='bbox 349 1251 503 1337; x_wconf 73' lang='lat' dir='ltr'><strong>maioris,</strong></span> <span class='ocrx_word' id='word_1_61' title='bbox 522 1246 760 1322; x_wconf 82' lang='lat' dir='ltr'><strong>Golelridi</strong></span> <span class='ocrx_word' id='word_1_62' title='bbox 780 1251 970 1346; x_wconf 71' lang='lat' dir='ltr'><strong>scolastici,</strong></span> <span class='ocrx_word' id='word_1_63' title='bbox 982 1253 1220 1327; x_wconf 82' lang='lat' dir='ltr'><strong>Wortwiui</strong></span> <span class='ocrx_word' id='word_1_64' title='bbox 1241 1251 1405 1348; x_wconf 86' lang='lat' dir='ltr'><strong>prepositi</strong></span> <span class='ocrx_word' id='word_1_65' title='bbox 1417 1251 1499 1320; x_wconf 85' lang='lat' dir='ltr'><strong>noui</strong></span> <span class='ocrx_word' id='word_1_66' title='bbox 1512 1249 1728 1336; x_wconf 61' lang='lat' dir='ltr'><strong>monaterii,</strong></span> 
     </span>
     <span class='ocr_line' id='line_1_9' title="bbox 350 1345 1727 1448; baseline -0.003 -28"><span class='ocrx_word' id='word_1_67' title='bbox 350 1345 584 1420; x_wconf 81' lang='lat' dir='ltr'><strong>Godelridi</strong></span> <span class='ocrx_word' id='word_1_68' title='bbox 614 1353 777 1444; x_wconf 76' lang='lat' dir='ltr'><strong>cantoris,</strong></span> <span class='ocrx_word' id='word_1_69' title='bbox 806 1351 1087 1427; x_wconf 78' lang='lat' dir='ltr'><strong>Theoderici</strong></span> <span class='ocrx_word' id='word_1_70' title='bbox 1113 1353 1279 1448; x_wconf 83' lang='lat' dir='ltr'><strong>prepositi</strong></span> <span class='ocrx_word' id='word_1_71' title='bbox 1305 1345 1727 1444; x_wconf 77' lang='lat' dir='ltr'><strong>chnolspecd‚Elrer-</strong></span> 
     </span>
     <span class='ocr_line' id='line_1_10' title="bbox 348 1445 1728 1544; baseline 0.001 -26"><span class='ocrx_word' id='word_1_72' title='bbox 348 1445 473 1519; x_wconf 85' lang='lat' dir='ltr'><strong>lrardl</strong></span> <span class='ocrx_word' id='word_1_73' title='bbox 490 1445 971 1544; x_wconf 59' lang='lat' dir='ltr'><strong>dellsrmormcdnradl</strong></span> <span class='ocrx_word' id='word_1_74' title='bbox 991 1449 1467 1542; x_wconf 70' lang='lat' dir='ltr'><strong>dellrohurqflelnriei</strong></span> <span class='ocrx_word' id='word_1_75' title='bbox 1482 1446 1728 1523; x_wconf 70' lang='lat' dir='ltr'><strong>ledunen-</strong></span> 
     </span>
     <span class='ocr_line' id='line_1_11' title="bbox 349 1545 1740 1646; baseline 0.001 -28"><span class='ocrx_word' id='word_1_76' title='bbox 349 1546 461 1618; x_wconf 83' lang='lat' dir='ltr'><strong>lrurc</strong></span> <span class='ocrx_word' id='word_1_77' title='bbox 485 1558 521 1620; x_wconf 86' lang='lat' dir='ltr'><strong>et</strong></span> <span class='ocrx_word' id='word_1_78' title='bbox 543 1548 754 1644; x_wconf 84' lang='lat' dir='ltr'><strong>reliquorum</strong></span> <span class='ocrx_word' id='word_1_79' title='bbox 778 1553 985 1627; x_wconf 80' lang='lat' dir='ltr'><strong>confratrum</strong></span> <span class='ocrx_word' id='word_1_80' title='bbox 1010 1563 1206 1628; x_wconf 60' lang='lat' dir='ltr'><strong>noseorum</strong></span> <span class='ocrx_word' id='word_1_81' title='bbox 1230 1553 1263 1622; x_wconf 91' lang='lat' dir='ltr'><strong>ei</strong></span> <span class='ocrx_word' id='word_1_82' title='bbox 1279 1547 1483 1622; x_wconf 79' lang='lat' dir='ltr'><strong>contulimus</strong></span> <span class='ocrx_word' id='word_1_83' title='bbox 1504 1558 1541 1621; x_wconf 86' lang='lat' dir='ltr'><strong>et</strong></span> <span class='ocrx_word' id='word_1_84' title='bbox 1560 1551 1595 1620; x_wconf 82' lang='lat' dir='ltr'><strong>in</strong></span> <span class='ocrx_word' id='word_1_85' title='bbox 1610 1545 1740 1646; x_wconf 26' lang='lat' dir='ltr'><strong>dotem·</strong></span> 
     </span>
     <span class='ocr_line' id='line_1_12' title="bbox 328 1646 1728 1750; baseline 0 -30"><span class='ocrx_word' id='word_1_86' title='bbox 328 1651 600 1741; x_wconf 59' lang='lat' dir='ltr'><strong>immunimus</strong></span> <span class='ocrx_word' id='word_1_87' title='bbox 625 1659 741 1746; x_wconf 86' lang='lat' dir='ltr'><strong>preter</strong></span> <span class='ocrx_word' id='word_1_88' title='bbox 766 1664 928 1747; x_wconf 74' lang='lat' dir='ltr'><strong>nomem,</strong></span> <span class='ocrx_word' id='word_1_89' title='bbox 954 1656 1011 1750; x_wconf 89' lang='lat' dir='ltr'><strong>qul</strong></span> <span class='ocrx_word' id='word_1_90' title='bbox 1036 1653 1079 1726; x_wconf 90' lang='lat' dir='ltr'><strong>de</strong></span> <span class='ocrx_word' id='word_1_91' title='bbox 1105 1653 1321 1749; x_wconf 83' lang='lat' dir='ltr'><strong>pertinentiis</strong></span> <span class='ocrx_word' id='word_1_92' title='bbox 1345 1647 1531 1722; x_wconf 87' lang='lat' dir='ltr'><strong>eorundem</strong></span> <span class='ocrx_word' id='word_1_93' title='bbox 1555 1646 1728 1724; x_wconf 82' lang='lat' dir='ltr'><strong>bonorum</strong></span> 
     </span>
     <span class='ocr_line' id='line_1_13' title="bbox 350 1745 1728 1845; baseline 0.001 -27"><span class='ocrx_word' id='word_1_94' title='bbox 350 1757 436 1838; x_wconf 77' lang='lat' dir='ltr'><strong>erat,</strong></span> <span class='ocrx_word' id='word_1_95' title='bbox 462 1769 528 1844; x_wconf 88' lang='lat' dir='ltr'><strong>qoe</strong></span> <span class='ocrx_word' id='word_1_96' title='bbox 553 1771 572 1819; x_wconf 88' lang='grc' dir='ltr'><strong>ιι</strong></span> <span class='ocrx_word' id='word_1_97' title='bbox 598 1750 745 1844; x_wconf 86' lang='lat' dir='ltr'><strong>quodam</strong></span> <span class='ocrx_word' id='word_1_98' title='bbox 766 1755 979 1828; x_wconf 75' lang='lat' dir='ltr'><strong>nlulsterinli</strong></span> <span class='ocrx_word' id='word_1_99' title='bbox 1004 1763 1125 1828; x_wconf 84' lang='lat' dir='ltr'><strong>nostro</strong></span> <span class='ocrx_word' id='word_1_100' title='bbox 1145 1751 1309 1824; x_wconf 87' lang='lat' dir='ltr'><strong>Ottone</strong></span> <span class='ocrx_word' id='word_1_101' title='bbox 1334 1771 1396 1845; x_wconf 88' lang='lat' dir='ltr'><strong>pru</strong></span> <span class='ocrx_word' id='word_1_102' title='bbox 1418 1755 1553 1822; x_wconf 84' lang='lat' dir='ltr'><strong>ceolum</strong></span> <span class='ocrx_word' id='word_1_103' title='bbox 1569 1756 1604 1820; x_wconf 88' lang='lat' dir='ltr'><strong>et</strong></span> <span class='ocrx_word' id='word_1_104' title='bbox 1618 1745 1728 1820; x_wconf 82' lang='lat' dir='ltr'><strong>tribus</strong></span> 
     </span>
     <span class='ocr_line' id='line_1_14' title="bbox 350 1847 1727 1945; baseline 0.001 -26"><span class='ocrx_word' id='word_1_105' title='bbox 350 1847 474 1920; x_wconf 83' lang='lat' dir='ltr'><strong>marcis</strong></span> <span class='ocrx_word' id='word_1_106' title='bbox 500 1854 790 1945; x_wconf 75' lang='lat' dir='ltr'><strong>compererimus,</strong></span> <span class='ocrx_word' id='word_1_107' title='bbox 819 1863 958 1928; x_wconf 77' lang='lat' dir='ltr'><strong>seruata</strong></span> <span class='ocrx_word' id='word_1_108' title='bbox 984 1865 1097 1927; x_wconf 84' lang='lat' dir='ltr'><strong>tamen</strong></span> <span class='ocrx_word' id='word_1_109' title='bbox 1121 1851 1221 1926; x_wconf 84' lang='lat' dir='ltr'><strong>nobis</strong></span> <span class='ocrx_word' id='word_1_110' title='bbox 1248 1863 1284 1924; x_wconf 90' lang='lat' dir='ltr'><strong>et</strong></span> <span class='ocrx_word' id='word_1_111' title='bbox 1307 1847 1570 1924; x_wconf 73' lang='lat' dir='ltr'><strong>successoribus</strong></span> <span class='ocrx_word' id='word_1_112' title='bbox 1593 1849 1727 1920; x_wconf 64' lang='lat' dir='ltr'><strong>noscis</strong></span> 
     </span>
     <span class='ocr_line' id='line_1_15' title="bbox 350 1947 1728 2044; baseline 0 -26"><span class='ocrx_word' id='word_1_113' title='bbox 350 1947 556 2044; x_wconf 83' lang='lat' dir='ltr'><strong>prelatorum</strong></span> <span class='ocrx_word' id='word_1_114' title='bbox 591 1949 756 2025; x_wconf 85' lang='lat' dir='ltr'><strong>bonorum</strong></span> <span class='ocrx_word' id='word_1_115' title='bbox 784 1952 1007 2028; x_wconf 84' lang='lat' dir='ltr'><strong>ordinatione.</strong></span> <span class='ocrx_word' id='word_1_116' title='bbox 1055 1953 1262 2028; x_wconf 81' lang='lat' dir='ltr'><strong>Instituinors</strong></span> <span class='ocrx_word' id='word_1_117' title='bbox 1289 1952 1403 2039; x_wconf 83' lang='lat' dir='ltr'><strong>etiam,</strong></span> <span class='ocrx_word' id='word_1_118' title='bbox 1426 1959 1464 2020; x_wconf 90' lang='lat' dir='ltr'><strong>ut</strong></span> <span class='ocrx_word' id='word_1_119' title='bbox 1487 1969 1574 2022; x_wconf 91' lang='lat' dir='ltr'><strong>uuus</strong></span> <span class='ocrx_word' id='word_1_120' title='bbox 1599 1955 1728 2022; x_wconf 81' lang='lat' dir='ltr'><strong>dacer-</strong></span> 
     </span>
     <span class='ocr_line' id='line_1_16' title="bbox 351 2047 1730 2145; baseline 0 -25"><span class='ocrx_word' id='word_1_121' title='bbox 351 2047 433 2138; x_wconf 73' lang='lat' dir='ltr'><strong>dos,</strong></span> <span class='ocrx_word' id='word_1_122' title='bbox 472 2051 568 2120; x_wconf 88' lang='lat' dir='ltr'><strong>cuius</strong></span> <span class='ocrx_word' id='word_1_123' title='bbox 602 2049 730 2125; x_wconf 88' lang='lat' dir='ltr'><strong>locatio</strong></span> <span class='ocrx_word' id='word_1_124' title='bbox 765 2051 806 2124; x_wconf 89' lang='lat' dir='ltr'><strong>ad</strong></span> <span class='ocrx_word' id='word_1_125' title='bbox 830 2075 897 2129; x_wconf 87' lang='lat' dir='ltr'><strong>nos</strong></span> <span class='ocrx_word' id='word_1_126' title='bbox 923 2065 959 2126; x_wconf 91' lang='lat' dir='ltr'><strong>et</strong></span> <span class='ocrx_word' id='word_1_127' title='bbox 984 2053 1191 2128; x_wconf 88' lang='lat' dir='ltr'><strong>adnostros</strong></span> <span class='ocrx_word' id='word_1_128' title='bbox 1217 2071 1443 2127; x_wconf 76' lang='lat' dir='ltr'><strong>successoros</strong></span> <span class='ocrx_word' id='word_1_129' title='bbox 1469 2050 1659 2145; x_wconf 72' lang='lat' dir='ltr'><strong>perlinam,</strong></span> <span class='ocrx_word' id='word_1_130' title='bbox 1681 2051 1730 2120; x_wconf 83' lang='lat' dir='ltr'><strong>io</strong></span> 
     </span>
     <span class='ocr_line' id='line_1_17' title="bbox 351 2145 1731 2249; baseline 0 -29"><span class='ocrx_word' id='word_1_131' title='bbox 351 2145 459 2220; x_wconf 77' lang='lat' dir='ltr'><strong>choro</strong></span> <span class='ocrx_word' id='word_1_132' title='bbox 484 2146 575 2220; x_wconf 85' lang='lat' dir='ltr'><strong>beati</strong></span> <span class='ocrx_word' id='word_1_133' title='bbox 598 2149 737 2246; x_wconf 75' lang='lat' dir='ltr'><strong>Kyllani</strong></span> <span class='ocrx_word' id='word_1_134' title='bbox 762 2155 890 2228; x_wconf 84' lang='lat' dir='ltr'><strong>seruiat</strong></span> <span class='ocrx_word' id='word_1_135' title='bbox 913 2158 948 2228; x_wconf 89' lang='lat' dir='ltr'><strong>iu</strong></span> <span class='ocrx_word' id='word_1_136' title='bbox 975 2153 1130 2244; x_wconf 79' lang='lat' dir='ltr'><strong>diuinis‚.</strong></span> <span class='ocrx_word' id='word_1_137' title='bbox 1148 2151 1344 2249; x_wconf 85' lang='lat' dir='ltr'><strong>specialiter</strong></span> <span class='ocrx_word' id='word_1_138' title='bbox 1375 2159 1491 2222; x_wconf 84' lang='lat' dir='ltr'><strong>tamen</strong></span> <span class='ocrx_word' id='word_1_139' title='bbox 1522 2146 1656 2222; x_wconf 85' lang='lat' dir='ltr'><strong>adhoc</strong></span> <span class='ocrx_word' id='word_1_140' title='bbox 1681 2150 1731 2222; x_wconf 83' lang='lat' dir='ltr'><strong>sit</strong></span> 
     </span>
     <span class='ocr_line' id='line_1_18' title="bbox 351 2247 1868 2348; baseline 0.002 -28"><span class='ocrx_word' id='word_1_141' title='bbox 351 2247 560 2336; x_wconf 59' lang='lat' dir='ltr'><strong>minatus,</strong></span> <span class='ocrx_word' id='word_1_142' title='bbox 594 2260 632 2322; x_wconf 87' lang='lat' dir='ltr'><strong>ut</strong></span> <span class='ocrx_word' id='word_1_143' title='bbox 664 2253 710 2326; x_wconf 90' lang='lat' dir='ltr'><strong>sit</strong></span> <span class='ocrx_word' id='word_1_144' title='bbox 742 2251 854 2330; x_wconf 86' lang='lat' dir='ltr'><strong>lidelis</strong></span> <span class='ocrx_word' id='word_1_145' title='bbox 879 2253 1057 2329; x_wconf 87' lang='lat' dir='ltr'><strong>coadiutor</strong></span> <span class='ocrx_word' id='word_1_146' title='bbox 1080 2253 1237 2343; x_wconf 68' lang='lat' dir='ltr'><strong>illorum,</strong></span> <span class='ocrx_word' id='word_1_147' title='bbox 1262 2254 1319 2348; x_wconf 91' lang='lat' dir='ltr'><strong>qul</strong></span> <span class='ocrx_word' id='word_1_148' title='bbox 1343 2249 1468 2323; x_wconf 88' lang='lat' dir='ltr'><strong>ibidem</strong></span> <span class='ocrx_word' id='word_1_149' title='bbox 1493 2249 1638 2322; x_wconf 82' lang='lat' dir='ltr'><strong>ordinati</strong></span> <span class='ocrx_word' id='word_1_150' title='bbox 1663 2247 1726 2322; x_wconf 81' lang='lat' dir='ltr'><strong>val</strong></span> <span class='ocrx_word' id='word_1_151' title='bbox 1861 2307 1868 2323; x_wconf 94' lang='lat'><em>.</em></span> 
     </span>
     <span class='ocr_line' id='line_1_19' title="bbox 351 2345 1731 2451; baseline 0.001 -32"><span class='ocrx_word' id='word_1_152' title='bbox 351 2345 459 2420; x_wconf 83' lang='lat' dir='ltr'><strong>adhuc</strong></span> <span class='ocrx_word' id='word_1_153' title='bbox 496 2359 574 2421; x_wconf 85' lang='lat' dir='ltr'><strong>sum</strong></span> <span class='ocrx_word' id='word_1_154' title='bbox 614 2349 789 2426; x_wconf 87' lang='lat' dir='ltr'><strong>ordinandi</strong></span> <span class='ocrx_word' id='word_1_155' title='bbox 821 2355 858 2426; x_wconf 88' lang='lat' dir='ltr'><strong>iu</strong></span> <span class='ocrx_word' id='word_1_156' title='bbox 893 2353 1113 2451; x_wconf 78' lang='lat' dir='ltr'><strong>exportandis</strong></span> <span class='ocrx_word' id='word_1_157' title='bbox 1150 2363 1186 2426; x_wconf 88' lang='lat' dir='ltr'><strong>et</strong></span> <span class='ocrx_word' id='word_1_158' title='bbox 1216 2349 1437 2448; x_wconf 77' lang='lat' dir='ltr'><strong>inportandis</strong></span> <span class='ocrx_word' id='word_1_159' title='bbox 1470 2349 1644 2444; x_wconf 84' lang='lat' dir='ltr'><strong>reliquiis,</strong></span> <span class='ocrx_word' id='word_1_160' title='bbox 1691 2350 1731 2420; x_wconf 82' lang='lat' dir='ltr'><strong>&#39;ua</strong></span> 
     </span>
     <span class='ocr_line' id='line_1_20' title="bbox 351 2447 1728 2548; baseline 0 -29"><span class='ocrx_word' id='word_1_161' title='bbox 351 2447 531 2522; x_wconf 87' lang='lat' dir='ltr'><strong>uestiendo</strong></span> <span class='ocrx_word' id='word_1_162' title='bbox 566 2449 683 2541; x_wconf 82' lang='lat' dir='ltr'><strong>altari,</strong></span> <span class='ocrx_word' id='word_1_163' title='bbox 722 2473 768 2526; x_wconf 90' lang='lat' dir='ltr'><strong>ne</strong></span> <span class='ocrx_word' id='word_1_164' title='bbox 802 2464 921 2528; x_wconf 85' lang='lat' dir='ltr'><strong>saneta</strong></span> <span class='ocrx_word' id='word_1_165' title='bbox 952 2452 1104 2527; x_wconf 78' lang='lat' dir='ltr'><strong>manilius</strong></span> <span class='ocrx_word' id='word_1_166' title='bbox 1138 2453 1324 2548; x_wconf 81' lang='lat' dir='ltr'><strong>aliquorum</strong></span> <span class='ocrx_word' id='word_1_167' title='bbox 1350 2451 1475 2524; x_wconf 87' lang='lat' dir='ltr'><strong>leuium</strong></span> <span class='ocrx_word' id='word_1_168' title='bbox 1500 2469 1728 2544; x_wconf 88' lang='lat' dir='ltr'><strong>personarum</strong></span> 
     </span>
     <span class='ocr_line' id='line_1_21' title="bbox 350 2547 1727 2650; baseline 0.001 -30"><span class='ocrx_word' id='word_1_169' title='bbox 350 2547 549 2621; x_wconf 89' lang='lat' dir='ltr'><strong>indecenter</strong></span> <span class='ocrx_word' id='word_1_170' title='bbox 575 2554 857 2626; x_wconf 75' lang='lat' dir='ltr'><strong>contaminentur.</strong></span> <span class='ocrx_word' id='word_1_171' title='bbox 903 2553 1101 2628; x_wconf 82' lang='lat' dir='ltr'><strong>Adiecimus</strong></span> <span class='ocrx_word' id='word_1_172' title='bbox 1127 2556 1276 2650; x_wconf 55' lang='lat' dir='ltr'><strong>paritum</strong></span> <span class='ocrx_word' id='word_1_173' title='bbox 1302 2561 1338 2622; x_wconf 93' lang='lat' dir='ltr'><strong>ut</strong></span> <span class='ocrx_word' id='word_1_174' title='bbox 1362 2560 1553 2624; x_wconf 58' lang='lat' dir='ltr'><strong>memoratu,</strong></span> <span class='ocrx_word' id='word_1_175' title='bbox 1574 2547 1664 2625; x_wconf 82' lang='lat' dir='ltr'><strong>bona</strong></span> <span class='ocrx_word' id='word_1_176' title='bbox 1688 2551 1727 2622; x_wconf 89' lang='lat' dir='ltr'><strong>iu</strong></span> 
     </span>
     <span class='ocr_line' id='line_1_22' title="bbox 349 2647 1727 2750; baseline -0.001 -29"><span class='ocrx_word' id='word_1_177' title='bbox 349 2647 723 2743; x_wconf 80' lang='lat' dir='ltr'><strong>Lullingescheit</strong></span> <span class='ocrx_word' id='word_1_178' title='bbox 756 2652 868 2725; x_wconf 89' lang='lat' dir='ltr'><strong>eidem</strong></span> <span class='ocrx_word' id='word_1_179' title='bbox 901 2653 1071 2726; x_wconf 86' lang='lat' dir='ltr'><strong>sacerdoti</strong></span> <span class='ocrx_word' id='word_1_180' title='bbox 1096 2664 1212 2749; x_wconf 86' lang='lat' dir='ltr'><strong>preter</strong></span> <span class='ocrx_word' id='word_1_181' title='bbox 1236 2651 1402 2750; x_wconf 84' lang='lat' dir='ltr'><strong>prelatum</strong></span> <span class='ocrx_word' id='word_1_182' title='bbox 1429 2660 1577 2732; x_wconf 85' lang='lat' dir='ltr'><strong>montem</strong></span> <span class='ocrx_word' id='word_1_183' title='bbox 1603 2651 1727 2740; x_wconf 79' lang='lat' dir='ltr'><strong>ussig-</strong></span> 
     </span>
     <span class='ocr_line' id='line_1_23' title="bbox 350 2748 1726 2848; baseline 0.001 -30"><span class='ocrx_word' id='word_1_184' title='bbox 350 2758 473 2820; x_wconf 91' lang='lat' dir='ltr'><strong>nentur</strong></span> <span class='ocrx_word' id='word_1_185' title='bbox 499 2759 534 2820; x_wconf 88' lang='lat' dir='ltr'><strong>et</strong></span> <span class='ocrx_word' id='word_1_186' title='bbox 558 2761 674 2845; x_wconf 89' lang='lat' dir='ltr'><strong>preter</strong></span> <span class='ocrx_word' id='word_1_187' title='bbox 700 2750 764 2823; x_wconf 87' lang='lat' dir='ltr'><strong>lrec</strong></span> <span class='ocrx_word' id='word_1_188' title='bbox 789 2753 831 2824; x_wconf 90' lang='lat' dir='ltr'><strong>de</strong></span> <span class='ocrx_word' id='word_1_189' title='bbox 856 2751 941 2826; x_wconf 85' lang='lat' dir='ltr'><strong>villa</strong></span> <span class='ocrx_word' id='word_1_190' title='bbox 967 2763 1085 2828; x_wconf 87' lang='lat' dir='ltr'><strong>nostra</strong></span> <span class='ocrx_word' id='word_1_191' title='bbox 1112 2751 1417 2848; x_wconf 87' lang='lat' dir='ltr'><strong>Tripherruelt</strong></span> <span class='ocrx_word' id='word_1_192' title='bbox 1451 2748 1602 2846; x_wconf 86' lang='lat' dir='ltr'><strong>quelibet</strong></span> <span class='ocrx_word' id='word_1_193' title='bbox 1633 2769 1726 2820; x_wconf 87' lang='lat' dir='ltr'><strong>anuo</strong></span> 
     </span>
     <span class='ocr_line' id='line_1_24' title="bbox 350 2847 1725 2948; baseline 0.001 -30"><span class='ocrx_word' id='word_1_194' title='bbox 350 2850 385 2919; x_wconf 91' lang='lat' dir='ltr'><strong>in</strong></span> <span class='ocrx_word' id='word_1_195' title='bbox 421 2847 511 2920; x_wconf 87' lang='lat' dir='ltr'><strong>leste</strong></span> <span class='ocrx_word' id='word_1_196' title='bbox 546 2853 654 2923; x_wconf 86' lang='lat' dir='ltr'><strong>sancti</strong></span> <span class='ocrx_word' id='word_1_197' title='bbox 677 2849 813 2924; x_wconf 82' lang='lat' dir='ltr'><strong>Martini</strong></span> <span class='ocrx_word' id='word_1_198' title='bbox 846 2849 912 2926; x_wconf 87' lang='lat' dir='ltr'><strong>duo</strong></span> <span class='ocrx_word' id='word_1_199' title='bbox 945 2848 1072 2925; x_wconf 80' lang='lat' dir='ltr'><strong>talenta</strong></span> <span class='ocrx_word' id='word_1_200' title='bbox 1098 2856 1130 2924; x_wconf 90' lang='lat' dir='ltr'><strong>ei</strong></span> <span class='ocrx_word' id='word_1_201' title='bbox 1155 2851 1419 2948; x_wconf 76' lang='lat' dir='ltr'><strong>persolueutur&#39;.·</strong></span> <span class='ocrx_word' id='word_1_202' title='bbox 1459 2850 1497 2922; x_wconf 77' lang='lat' dir='ltr'><strong>sl</strong></span> <span class='ocrx_word' id='word_1_203' title='bbox 1530 2851 1604 2944; x_wconf 90' lang='lat' dir='ltr'><strong>quis</strong></span> <span class='ocrx_word' id='word_1_204' title='bbox 1636 2869 1725 2920; x_wconf 89' lang='lat' dir='ltr'><strong>uero</strong></span> 
     </span>
     <span class='ocr_line' id='line_1_25' title="bbox 351 2947 1725 3049; baseline -0.001 -29"><span class='ocrx_word' id='word_1_205' title='bbox 351 2967 536 3021; x_wconf 87' lang='lat' dir='ltr'><strong>successor</strong></span> <span class='ocrx_word' id='word_1_206' title='bbox 559 2959 756 3024; x_wconf 87' lang='lat' dir='ltr'><strong>nostrorum</strong></span> <span class='ocrx_word' id='word_1_207' title='bbox 790 2951 963 3049; x_wconf 86' lang='lat' dir='ltr'><strong>sepedicta</strong></span> <span class='ocrx_word' id='word_1_208' title='bbox 993 2951 1084 3026; x_wconf 89' lang='lat' dir='ltr'><strong>hona</strong></span> <span class='ocrx_word' id='word_1_209' title='bbox 1117 2955 1153 3024; x_wconf 90' lang='lat' dir='ltr'><strong>iu</strong></span> <span class='ocrx_word' id='word_1_210' title='bbox 1178 2949 1543 3045; x_wconf 82' lang='lat' dir='ltr'><strong>Lulliugcscheit</strong></span> <span class='ocrx_word' id='word_1_211' title='bbox 1575 2971 1594 3020; x_wconf 89' lang='lat' dir='ltr'><strong>a</strong></span> <span class='ocrx_word' id='word_1_212' title='bbox 1632 2947 1725 3020; x_wconf 91' lang='lat' dir='ltr'><strong>dicto</strong></span> 
     </span>
     <span class='ocr_line' id='line_1_26' title="bbox 351 3045 1725 3149; baseline -0.001 -29"><span class='ocrx_word' id='word_1_213' title='bbox 351 3045 532 3120; x_wconf 84' lang='lat' dir='ltr'><strong>sacerdote</strong></span> <span class='ocrx_word' id='word_1_214' title='bbox 557 3047 706 3122; x_wconf 89' lang='lat' dir='ltr'><strong>liberare</strong></span> <span class='ocrx_word' id='word_1_215' title='bbox 731 3052 906 3144; x_wconf 79' lang='lat' dir='ltr'><strong>voluerit,</strong></span> <span class='ocrx_word' id='word_1_216' title='bbox 941 3073 1004 3149; x_wconf 90' lang='lat' dir='ltr'><strong>pro</strong></span> <span class='ocrx_word' id='word_1_217' title='bbox 1040 3055 1091 3126; x_wconf 87' lang='lat' dir='ltr'><strong>eis</strong></span> <span class='ocrx_word' id='word_1_218' title='bbox 1125 3051 1277 3147; x_wconf 88' lang='lat' dir='ltr'><strong>quolibet</strong></span> <span class='ocrx_word' id='word_1_219' title='bbox 1314 3073 1402 3123; x_wconf 86' lang='lat' dir='ltr'><strong>anno</strong></span> <span class='ocrx_word' id='word_1_220' title='bbox 1438 3053 1502 3121; x_wconf 87' lang='lat' dir='ltr'><strong>tria</strong></span> <span class='ocrx_word' id='word_1_221' title='bbox 1528 3048 1654 3120; x_wconf 85' lang='lat' dir='ltr'><strong>talenta</strong></span> <span class='ocrx_word' id='word_1_222' title='bbox 1681 3047 1725 3120; x_wconf 90' lang='lat' dir='ltr'><strong>de</strong></span> 
     </span>
     <span class='ocr_line' id='line_1_27' title="bbox 351 3144 1725 3249; baseline 0.002 -32"><span class='ocrx_word' id='word_1_223' title='bbox 351 3145 491 3241; x_wconf 88' lang='lat' dir='ltr'><strong>reliquis</strong></span> <span class='ocrx_word' id='word_1_224' title='bbox 516 3146 615 3222; x_wconf 88' lang='lat' dir='ltr'><strong>bouis</strong></span> <span class='ocrx_word' id='word_1_225' title='bbox 642 3153 713 3224; x_wconf 90' lang='lat' dir='ltr'><strong>suls</strong></span> <span class='ocrx_word' id='word_1_226' title='bbox 741 3153 774 3223; x_wconf 91' lang='lat' dir='ltr'><strong>ei</strong></span> <span class='ocrx_word' id='word_1_227' title='bbox 798 3151 985 3249; x_wconf 86' lang='lat' dir='ltr'><strong>persoluat.</strong></span> <span class='ocrx_word' id='word_1_228' title='bbox 1024 3149 1080 3223; x_wconf 88' lang='lat' dir='ltr'><strong>Ad</strong></span> <span class='ocrx_word' id='word_1_229' title='bbox 1098 3144 1163 3224; x_wconf 89' lang='lat' dir='ltr'><strong>hec</strong></span> <span class='ocrx_word' id='word_1_230' title='bbox 1180 3161 1215 3225; x_wconf 93' lang='lat' dir='ltr'><strong>et</strong></span> <span class='ocrx_word' id='word_1_231' title='bbox 1230 3150 1459 3240; x_wconf 72' lang='lat' dir='ltr'><strong>andnumans,</strong></span> <span class='ocrx_word' id='word_1_232' title='bbox 1484 3158 1521 3222; x_wconf 94' lang='lat' dir='ltr'><strong>ut</strong></span> <span class='ocrx_word' id='word_1_233' title='bbox 1534 3150 1601 3220; x_wconf 88' lang='lat' dir='ltr'><strong>iam</strong></span> <span class='ocrx_word' id='word_1_234' title='bbox 1614 3147 1725 3220; x_wconf 88' lang='lat' dir='ltr'><strong>dictus</strong></span> 
     </span>
     <span class='ocr_line' id='line_1_28' title="bbox 248 3245 1727 3346; baseline 0 -26"><span class='ocrx_word' id='word_1_235' title='bbox 248 3249 251 3256; x_wconf 80' lang='grc'><em>“</em></span> <span class='ocrx_word' id='word_1_236' title='bbox 351 3245 537 3340; x_wconf 79' lang='lat' dir='ltr'><strong>sacerdos,</strong></span> <span class='ocrx_word' id='word_1_237' title='bbox 574 3252 773 3346; x_wconf 86' lang='lat' dir='ltr'><strong>quicumque</strong></span> <span class='ocrx_word' id='word_1_238' title='bbox 796 3253 917 3342; x_wconf 81' lang='lat' dir='ltr'><strong>fuerit,</strong></span> <span class='ocrx_word' id='word_1_239' title='bbox 953 3256 987 3326; x_wconf 90' lang='lat' dir='ltr'><strong>iu</strong></span> <span class='ocrx_word' id='word_1_240' title='bbox 1023 3275 1143 3327; x_wconf 83' lang='lat' dir='ltr'><strong>mensu</strong></span> <span class='ocrx_word' id='word_1_241' title='bbox 1169 3251 1348 3324; x_wconf 89' lang='lat' dir='ltr'><strong>cuiuslibet</strong></span> <span class='ocrx_word' id='word_1_242' title='bbox 1373 3251 1589 3322; x_wconf 89' lang='lat' dir='ltr'><strong>successoris</strong></span> <span class='ocrx_word' id='word_1_243' title='bbox 1614 3250 1727 3322; x_wconf 87' lang='lat' dir='ltr'><strong>uestri</strong></span> 
     </span>
     <span class='ocr_line' id='line_1_29' title="bbox 350 3345 1727 3447; baseline 0.001 -29"><span class='ocrx_word' id='word_1_244' title='bbox 350 3345 496 3420; x_wconf 86' lang='lat' dir='ltr'><strong>honeste</strong></span> <span class='ocrx_word' id='word_1_245' title='bbox 518 3353 721 3446; x_wconf 80' lang='lat' dir='ltr'><strong>recipiatur,</strong></span> <span class='ocrx_word' id='word_1_246' title='bbox 752 3351 1030 3447; x_wconf 79' lang='lat' dir='ltr'><strong>quandocumque</strong></span> <span class='ocrx_word' id='word_1_247' title='bbox 1056 3355 1166 3446; x_wconf 87' lang='lat' dir='ltr'><strong>ipsum</strong></span> <span class='ocrx_word' id='word_1_248' title='bbox 1201 3354 1236 3424; x_wconf 89' lang='lat' dir='ltr'><strong>ln</strong></span> <span class='ocrx_word' id='word_1_249' title='bbox 1262 3355 1397 3423; x_wconf 88' lang='lat' dir='ltr'><strong>ciuitate</strong></span> <span class='ocrx_word' id='word_1_250' title='bbox 1422 3359 1617 3445; x_wconf 84' lang='lat' dir='ltr'><strong>presentem</strong></span> <span class='ocrx_word' id='word_1_251' title='bbox 1642 3369 1727 3422; x_wconf 85' lang='lat' dir='ltr'><strong>esse</strong></span> 
     </span>
     <span class='ocr_line' id='line_1_30' title="bbox 350 3450 1725 3547; baseline -0.001 -27"><span class='ocrx_word' id='word_1_252' title='bbox 350 3451 543 3542; x_wconf 80' lang='lat' dir='ltr'><strong>contigerit.</strong></span> <span class='ocrx_word' id='word_1_253' title='bbox 572 3451 615 3527; x_wconf 86' lang='lat' dir='ltr'><strong>Et</strong></span> <span class='ocrx_word' id='word_1_254' title='bbox 640 3460 676 3522; x_wconf 86' lang='lat' dir='ltr'><strong>ut</strong></span> <span class='ocrx_word' id='word_1_255' title='bbox 701 3450 767 3524; x_wconf 89' lang='lat' dir='ltr'><strong>lroc</strong></span> <span class='ocrx_word' id='word_1_256' title='bbox 793 3451 879 3547; x_wconf 87' lang='lat' dir='ltr'><strong>apud</strong></span> <span class='ocrx_word' id='word_1_257' title='bbox 905 3475 1025 3524; x_wconf 89' lang='lat' dir='ltr'><strong>omnes</strong></span> <span class='ocrx_word' id='word_1_258' title='bbox 1052 3473 1278 3524; x_wconf 89' lang='lat' dir='ltr'><strong>successores</strong></span> <span class='ocrx_word' id='word_1_259' title='bbox 1304 3460 1444 3522; x_wconf 90' lang='lat' dir='ltr'><strong>nostros</strong></span> <span class='ocrx_word' id='word_1_260' title='bbox 1468 3459 1577 3520; x_wconf 87' lang='lat' dir='ltr'><strong>ratum</strong></span> <span class='ocrx_word' id='word_1_261' title='bbox 1604 3457 1639 3519; x_wconf 89' lang='lat' dir='ltr'><strong>et</strong></span> <span class='ocrx_word' id='word_1_262' title='bbox 1662 3451 1725 3520; x_wconf 87' lang='lat' dir='ltr'><strong>in-</strong></span> 
     </span>
     <span class='ocr_line' id='line_1_31' title="bbox 350 3549 1726 3648; baseline 0 -29"><span class='ocrx_word' id='word_1_263' title='bbox 350 3549 550 3624; x_wconf 89' lang='lat' dir='ltr'><strong>conuulsum</strong></span> <span class='ocrx_word' id='word_1_264' title='bbox 576 3561 784 3646; x_wconf 68' lang='lat' dir='ltr'><strong>permoneat</strong></span> <span class='ocrx_word' id='word_1_265' title='bbox 809 3573 955 3648; x_wconf 81' lang='lat' dir='ltr'><strong>presens</strong></span> <span class='ocrx_word' id='word_1_266' title='bbox 981 3553 1050 3626; x_wconf 87' lang='lat' dir='ltr'><strong>scri</strong></span> <span class='ocrx_word' id='word_1_267' title='bbox 1076 3561 1144 3622; x_wconf 86' lang='lat' dir='ltr'><strong>tum</strong></span> <span class='ocrx_word' id='word_1_268' title='bbox 1170 3551 1276 3646; x_wconf 85' lang='lat' dir='ltr'><strong>sigilli</strong></span> <span class='ocrx_word' id='word_1_269' title='bbox 1302 3551 1411 3622; x_wconf 85' lang='lat' dir='ltr'><strong>nostri</strong></span> <span class='ocrx_word' id='word_1_270' title='bbox 1436 3550 1663 3645; x_wconf 89' lang='lat' dir='ltr'><strong>impressione</strong></span> <span class='ocrx_word' id='word_1_271' title='bbox 1689 3559 1726 3619; x_wconf 85' lang='lat' dir='ltr'><strong>et</strong></span> 
     </span>
     <span class='ocr_line' id='line_1_32' title="bbox 349 3574 1725 3746; baseline -0.001 -26"><span class='ocrx_word' id='word_1_272' title='bbox 349 3646 492 3722; x_wconf 86' lang='lat' dir='ltr'><strong>testibus</strong></span> <span class='ocrx_word' id='word_1_273' title='bbox 520 3649 718 3746; x_wconf 89' lang='lat' dir='ltr'><strong>subscriptis</strong></span> <span class='ocrx_word' id='word_1_274' title='bbox 744 3647 992 3724; x_wconf 88' lang='lat' dir='ltr'><strong>roborauimus.</strong></span> <span class='ocrx_word' id='word_1_275' title='bbox 1044 3574 1169 3724; x_wconf 52' lang='lat' dir='ltr'><strong>&#39;Festos</strong></span> <span class='ocrx_word' id='word_1_276' title='bbox 1205 3671 1292 3723; x_wconf 87' lang='lat' dir='ltr'><strong>vero</strong></span> <span class='ocrx_word' id='word_1_277' title='bbox 1318 3645 1414 3721; x_wconf 88' lang='lat' dir='ltr'><strong>huius</strong></span> <span class='ocrx_word' id='word_1_278' title='bbox 1441 3653 1493 3720; x_wconf 78' lang='lat' dir='ltr'><strong>rei</strong></span> <span class='ocrx_word' id='word_1_279' title='bbox 1519 3659 1617 3721; x_wconf 89' lang='lat' dir='ltr'><strong>suut:</strong></span> <span class='ocrx_word' id='word_1_280' title='bbox 1650 3648 1725 3720; x_wconf 86' lang='lat' dir='ltr'><strong>Al-</strong></span> 
     </span>
     <span class='ocr_line' id='line_1_33' title="bbox 350 3743 1724 3848; baseline 0.001 -30"><span class='ocrx_word' id='word_1_281' title='bbox 350 3743 466 3820; x_wconf 84' lang='lat' dir='ltr'><strong>bertus</strong></span> <span class='ocrx_word' id='word_1_282' title='bbox 492 3751 630 3823; x_wconf 86' lang='lat' dir='ltr'><strong>maioris</strong></span> <span class='ocrx_word' id='word_1_283' title='bbox 658 3747 809 3826; x_wconf 87' lang='lat' dir='ltr'><strong>ecclesie</strong></span> <span class='ocrx_word' id='word_1_284' title='bbox 830 3755 1039 3848; x_wconf 80' lang='lat' dir='ltr'><strong>prepositus,</strong></span> <span class='ocrx_word' id='word_1_285' title='bbox 1066 3749 1268 3824; x_wconf 88' lang='lat' dir='ltr'><strong>Godelridus</strong></span> <span class='ocrx_word' id='word_1_286' title='bbox 1289 3753 1396 3822; x_wconf 83' lang='lat' dir='ltr'><strong>maior</strong></span> <span class='ocrx_word' id='word_1_287' title='bbox 1413 3745 1573 3838; x_wconf 88' lang='lat' dir='ltr'><strong>decanus,</strong></span> <span class='ocrx_word' id='word_1_288' title='bbox 1601 3745 1724 3842; x_wconf 84' lang='lat' dir='ltr'><strong>Gade-</strong></span> 
     </span>
     <span class='ocr_line' id='line_1_34' title="bbox 349 3843 1724 3948; baseline 0.002 -31"><span class='ocrx_word' id='word_1_289' title='bbox 349 3845 687 3941; x_wconf 74' lang='lat' dir='ltr'><strong>tridussnolasttcus,</strong></span> <span class='ocrx_word' id='word_1_290' title='bbox 713 3851 928 3927; x_wconf 88' lang='lat' dir='ltr'><strong>Wortwiuus</strong></span> <span class='ocrx_word' id='word_1_291' title='bbox 955 3855 1148 3948; x_wconf 85' lang='lat' dir='ltr'><strong>prepositus</strong></span> <span class='ocrx_word' id='word_1_292' title='bbox 1174 3853 1254 3923; x_wconf 86' lang='lat' dir='ltr'><strong>noui</strong></span> <span class='ocrx_word' id='word_1_293' title='bbox 1281 3851 1491 3937; x_wconf 75' lang='lat' dir='ltr'><strong>monasterii,</strong></span> <span class='ocrx_word' id='word_1_294' title='bbox 1517 3843 1724 3920; x_wconf 87' lang='lat' dir='ltr'><strong>Godelrldus</strong></span> 
     </span>
     <span class='ocr_line' id='line_1_35' title="bbox 350 3941 1723 4048; baseline 0 -30"><span class='ocrx_word' id='word_1_295' title='bbox 350 3956 488 4039; x_wconf 75' lang='lat' dir='ltr'><strong>mater,</strong></span> <span class='ocrx_word' id='word_1_296' title='bbox 515 3941 748 4024; x_wconf 76' lang='lat' dir='ltr'><strong>l’lreoderious</strong></span> <span class='ocrx_word' id='word_1_297' title='bbox 774 3949 968 4048; x_wconf 82' lang='lat' dir='ltr'><strong>prepositus</strong></span> <span class='ocrx_word' id='word_1_298' title='bbox 993 3952 1037 4023; x_wconf 90' lang='lat' dir='ltr'><strong>de</strong></span> <span class='ocrx_word' id='word_1_299' title='bbox 1063 3950 1278 4046; x_wconf 74' lang='lat' dir='ltr'><strong>Onolspach‚</strong></span> <span class='ocrx_word' id='word_1_300' title='bbox 1313 3947 1530 4022; x_wconf 86' lang='lat' dir='ltr'><strong>Eberhardus</strong></span> <span class='ocrx_word' id='word_1_301' title='bbox 1556 3946 1598 4020; x_wconf 87' lang='lat' dir='ltr'><strong>de</strong></span> <span class='ocrx_word' id='word_1_302' title='bbox 1621 3947 1723 4020; x_wconf 83' lang='lat' dir='ltr'><strong>llar-</strong></span> 
     </span>
     <span class='ocr_line' id='line_1_36' title="bbox 350 4047 1724 4146; baseline 0.004 -28"><span class='ocrx_word' id='word_1_303' title='bbox 350 4063 466 4138; x_wconf 76' lang='grc' dir='ltr'>ιιοιο,</span> <span class='ocrx_word' id='word_1_304' title='bbox 504 4047 679 4124; x_wconf 65' lang='lat' dir='ltr'><strong>comedes</strong></span> <span class='ocrx_word' id='word_1_305' title='bbox 716 4051 758 4123; x_wconf 88' lang='lat' dir='ltr'><strong>dc</strong></span> <span class='ocrx_word' id='word_1_306' title='bbox 783 4047 954 4146; x_wconf 75' lang='lat' dir='ltr'><strong>Fretum,</strong></span> <span class='ocrx_word' id='word_1_307' title='bbox 991 4051 1172 4126; x_wconf 81' lang='lat' dir='ltr'><strong>lleirrricas</strong></span> <span class='ocrx_word' id='word_1_308' title='bbox 1205 4049 1249 4123; x_wconf 88' lang='lat' dir='ltr'><strong>de</strong></span> <span class='ocrx_word' id='word_1_309' title='bbox 1272 4047 1508 4140; x_wconf 78' lang='lat' dir='ltr'><strong>Nawesluuc,</strong></span> <span class='ocrx_word' id='word_1_310' title='bbox 1536 4047 1724 4142; x_wconf 76' lang='lat' dir='ltr'><strong>Sigelolrus</strong></span> 
     </span>
    </p>
   </div>
   <div class='ocr_carea' id='block_1_4' title="bbox 0 0 1902 4722">
    <p class='ocr_par' dir='ltr' id='par_1_4' title="bbox 0 0 1902 4722">
     <span class='ocr_line' id='line_1_37' title="bbox 0 0 1902 4722; baseline 0 0"><span class='ocrx_word' id='word_1_311' title='bbox 0 0 1902 4722; x_wconf 95' lang='lat' dir='ltr'><strong> </strong></span> 
     </span>
    </p>
   </div>
  </div>
 </body>
</html>
