3838 4728
919 445 1136 521 Monumenta

920 781 1130 860 GDXLVIII.

481 989 570 1054 Anno
597 983 704 1068 1281,
731 985 780 1050 15.
804 986 933 1068 Aprilis,
956 991 986 1047 in
1010 985 1142 1048 claustro
1166 985 1317 1046 ecclesiae
1339 981 1568 1064 herbipolensis.

335 1173 512 1248 cunradus
551 1171 684 1248 Zobolo
724 1169 1020 1260 dehusserieth,
1061 1169 1187 1258 miles,
1227 1177 1262 1239 et
1300 1191 1389 1239 uxor
1427 1191 1490 1242 sua
1526 1167 1722 1264 Margareta

334 1277 499 1366 magistro
527 1273 698 1368 Gregorio
725 1271 965 1444 archidiplpppp
983 1267 1373 1462 vipnplpipltgppedietatem
1388 1271 1488 1342 umus
1506 1273 1622 1344 euriae
1645 1274 1723 1343 sive

441 1543 479 1615 ln
506 1545 643 1615 nomine
670 1543 796 1616 domini
823 1564 933 1614 amen.
985 1542 1088 1612 Anno
1115 1539 1241 1611 domini
1258 1537 1320 1610 ΜΟ·
1335 1537 1417 1612 000·
1433 1539 1585 1614 LXXX0·
1603 1543 1725 1636 primo,

341 1641 463 1716 xvlto·
480 1643 646 1716 kalendas
672 1644 763 1732 lllaii,
789 1646 825 1714 in
851 1643 1001 1714 claustro
1029 1640 1181 1713 ecclesie
1206 1637 1471 1736 herbipolensis,
1496 1645 1530 1713 in
1548 1644 1727 1737 presentia

339 1746 451 1816 nostri
477 1743 692 1833 Rvdolli,
730 1741 888 1816 officialis
927 1753 962 1813 et
1001 1740 1175 1813 scolastici
1211 1736 1484 1834 herbipolensis,
1520 1752 1557 1814 et
1589 1744 1727 1814 testium

341 1841 634 1937 subscriptorum,
669 1843 711 1914 ad
748 1843 815 1914 hoc
841 1842 1038 1937 specialiter
1062 1847 1264 1912 vocatorum
1291 1849 1325 1911 et
1351 1851 1571 1935 rogatorum,
1610 1840 1726 1913 Gun-

337 1941 476 2015 radus
503 1941 682 2016 Zobolo
710 1943 751 2014 de
778 1939 1027 2015 hesserith
1053 1939 1153 2011 miles
1181 1949 1215 2010 et
1240 1937 1508 2034 Margareta,
1533 1963 1626 2014 vxor
1652 1963 1727 2030 sua,

339 2045 539 2131 constituti,
577 2045 715 2137 propria
741 2042 831 2114 bona
858 2052 893 2114 et
919 2050 1107 2136 spontanea
1133 2040 1323 2128 voluntate,
1350 2040 1474 2130 ambo,
1499 2041 1601 2114 simul
1626 2063 1728 2114 manu

341 2141 534 2216 coadunata
559 2141 785 2214 vendiderunt
810 2141 987 2231 dedemnt,
1014 2151 1048 2212 et
1073 2139 1462 2234 tradideruntmegistro
1485 2139 1727 2236 Gregorio,

342 2243 472 2315 domini
498 2264 585 2338 pape
612 2242 791 2338 capellano
819 2252 854 2313 et
879 2241 1119 2312 archidiacono
1133 2239 1366 2334 herbipolensi
1391 2251 1426 2313 et
1441 2244 1514 2314 suis
1531 2241 1726 2330 heredibus,

342 2341 606 2416 successoribus
633 2341 693 2415 vel
720 2346 774 2414 cui
799 2341 858 2414 vel
883 2341 1005 2436 quibus
1031 2339 1198 2428 vendere,
1226 2339 1308 2410 dare
1335 2364 1398 2414 seu
1424 2341 1554 2414 donare
1580 2345 1614 2414 in
1640 2363 1727 2438 per-

341 2453 485 2539 potuum.
507 2443 671 2532 noluerit,
696 2463 759 2540 pro
787 2463 903 2529 mera,
930 2463 1016 2514 vera
1041 2451 1076 2512 et
1108 2461 1191 2535 pura
1224 2443 1434 2538 proprietate
1470 2453 1505 2514 et
1537 2441 1729 2516 absolutam

347 2542 391 2614 eb
416 2545 508 2614 omni
534 2543 666 2616 honere
693 2542 927 2615 aduocationis
964 2541 1024 2614 vel
1062 2561 1186 2613 census
1225 2539 1283 2611 uel
1315 2545 1556 2640 cuiuscumque
1590 2543 1730 2618 seruicii

348 2642 407 2715 uel
432 2641 586 2732 honeris,
611 2641 827 2715 medietatem
854 2644 954 2714 vnius
981 2643 1075 2712 curie
1102 2644 1177 2714 sine
1203 2639 1320 2712 allodii
1347 2645 1402 2713 siti
1427 2643 1484 2714 nel
1509 2647 1576 2714 site
1595 2641 1731 2716 invilla

348 2740 540 2838 lsingen
556 2765 631 2814 oum
648 2747 719 2816 suis
733 2741 911 2830 fructibus,
936 2740 1135 2827 redditibus,
1161 2741 1267 2834 agris,
1293 2745 1411 2836 pratis,
1437 2745 1586 2837 pesculs,
1602 2763 1729 2815 nemo-

346 2841 443 2915 ribus
470 2853 505 2914 et
529 2843 606 2914 aliis
634 2842 789 2916 omnibus
816 2839 947 2930 usibus,
973 2839 1171 2912 utilitatibus
1197 2849 1232 2911 et
1257 2844 1470 2936 pertinentiis
1497 2853 1620 2915 etcum
1639 2843 1731 2915 omni

347 2945 435 3030 lure,
462 2942 550 3036 quod
577 2946 630 3014 eis
656 2941 861 3038 conpetebat
886 2943 920 3012 in
945 2943 1038 3012 curia
1065 2943 1139 3012 siue
1166 2939 1293 3013 allodio
1319 2953 1523 3034 memorato,
1549 2965 1647 3038 quam
1673 2939 1731 3015 uel

346 3041 439 3135 prod
465 3063 527 3137 pro
553 3042 699 3116 indiuisa
725 3041 913 3113 habuerunt
948 3051 983 3112 et
1007 3049 1188 3112 tenuerunt
1221 3063 1297 3112 cum
1325 3097 1359 3112 ..
1385 3045 1552 3140 priorissa
1578 3055 1613 3117 et
1639 3065 1730 3115 con-

347 3151 454 3212 uentu
481 3143 786 3214 sanctimonialium
820 3140 862 3213 de
890 3150 1049 3214 sancto
1082 3139 1253 3232 Marco,
1287 3145 1432 3216 ciuitatis
1465 3143 1729 3241 herbipolensis.

351 3240 426 3328 Qua
453 3239 617 3316 medietas
654 3245 751 3317 annis
791 3241 936 3336 singulis
976 3241 1117 3312 soluere
1151 3240 1252 3313 debet
1291 3239 1377 3315 XX‘i
1402 3243 1532 3316 maldra
1571 3245 1733 3339 siliginis,

352 3363 457 3412 vnum
484 3340 648 3414 maldrum
675 3353 710 3414 el
736 3341 905 3414 dimidium
931 3343 1053 3431 tritici,
1091 3351 1127 3413 et
1152 3340 1323 3414 dimidium
1362 3343 1526 3416 maldrum
1563 3349 1660 3441 pise,
1698 3351 1734 3415 et

351 3439 522 3512 dimidium
548 3445 756 3514 sumerinum
782 3441 853 3514 olei
878 3441 920 3512 ad
945 3463 1139 3514 mensuram
1165 3441 1398 3536 haugensem,
1430 3455 1465 3517 et
1488 3442 1581 3517 llllor
1605 3441 1735 3516 maldra

353 3563 462 3613 auene
489 3539 531 3612 ad
556 3563 750 3615 mensuram
784 3539 1085 3638 herbipolensem,
1123 3551 1158 3615 et
1182 3539 1275 3613 ultor
1306 3543 1420 3640 pullos
1448 3548 1482 3616 in
1509 3547 1732 3641 carnispriuio

352 3651 388 3714 et
415 3639 585 3713 dimidium
613 3665 735 3737 agnum
763 3645 796 3715 in
822 3641 949 3739 pascha
974 3641 1111 3715 domini.
1164 3642 1238 3730 Qua
1274 3647 1386 3717 omnia
1420 3643 1584 3717 videlicet
1617 3645 1734 3740 siligo,

350 3743 510 3832 triticum,
537 3765 659 3834 auena,
684 3748 772 3840 pisa,
799 3753 833 3816 et
862 3743 977 3816 oleum
1003 3765 1066 3839 per
1088 3743 1249 3815 colonum
1276 3745 1365 3816 dicte
1391 3748 1487 3817 curie
1514 3749 1589 3818 siue
1616 3743 1734 3819 allodii

351 3845 543 3936 presentari
570 3841 696 3915 debent
722 3847 819 3918 annis
846 3843 992 3939 singulis
1018 3843 1173 3937 predicto
1200 3843 1439 3918 archidiacono
1478 3856 1513 3918 et
1547 3849 1619 3920 suis
1647 3867 1733 3919 suc-

353 3941 551 4016 cessoribus
579 3953 658 4039 aput
683 3945 856 4016 ciuitatem
882 3943 1171 4039 herbipolensem,
1198 3943 1254 4014 uel
1281 3947 1315 4016 in
1341 3944 1408 4018 alio
1435 3945 1734 4019 locotantumdem

353 4037 499 4114 distante
526 4065 545 4115 a
571 4043 660 4115 dicta
686 4044 769 4116 ville
795 4041 992 4138 lsingen,
1019 4065 1118 4137 quem
1145 4041 1296 4139 prelatus
1324 4043 1583 4120 archidiaconus
1609 4047 1667 4119 uel
1681 4048 1733 4118 sni
