3836 4722
610 467 827 560 episouputrs
851 461 1148 557 wirsiburgensis.
1524 463 1574 538 55

193 661 370 759 priuilegii
396 664 554 734 motione
580 665 782 736 muniuinus
807 673 962 734 ueterum
989 662 1258 758 simplicium,
1295 683 1361 756 que
1394 683 1476 736 eum
1496 685 1578 758 pura

193 764 341 834 ueritate
367 759 628 854 gradiebantur,
651 785 696 834 ue
722 765 756 834 in
789 771 964 858 posterum
997 761 1163 836 aduersus
1197 761 1350 835 eiusdem
1374 761 1578 838 conditionis

191 861 349 933 homines
376 871 444 932 tem
470 860 603 934 futuros
625 884 725 955 quem
740 871 922 957 presentes
936 871 1005 933 tom
1022 861 1204 957 priuilegia
1223 863 1385 957 specialia
1399 861 1577 952 habentes,

191 983 292 1056 quarn
327 963 379 1032 eis
414 971 572 1034 sarantes
608 965 756 1055 nequitia
788 984 851 1034 ssu
888 961 1055 1034 dolositas
1091 964 1260 1034 iuniorum
1294 965 1329 1032 in
1354 961 1468 1054 aliquo
1494 985 1577 1034 casu

191 1059 359 1132 uideatur.
397 1061 472 1135 lleo
498 1083 585 1154 ergo
612 1072 648 1133 ut
663 1071 737 1132 rete
751 1071 786 1133 et
802 1061 1004 1133 inconuulsa
1022 1072 1255 1157 permaneant,
1275 1064 1448 1156 presentis
1458 1065 1579 1156 scripti

192 1157 803 1356 tttttlffltttttttttttt
818 1159 1577 1355 ”tttt'tltltttttttttllttt

189 1369 624 1548 ttttttltt‘lt
649 1359 1203 1534 tttttttlttttlttl
1220 1357 1578 1554 millii,

187 1557 283 1630 Belro
310 1558 481 1650 (lucanus,
516 1559 663 1632 Sifridus
689 1563 884 1655 prepositus
910 1563 991 1631 noui
1017 1563 1238 1650 monasterii,
1271 1557 1463 1632 Guutlrerus
1489 1580 1576 1653 pre-

187 1663 321 1754 positus
349 1661 460 1731 saneti
475 1658 654 1748 Jolraunis,
680 1658 867 1732 Gouelinus
894 1659 1114 1748 scolasticus,
1141 1659 1337 1748 llartwioos
1363 1657 1578 1748 cellerarius,

188 1757 305 1830 Grimo
319 1760 548 1854 portenarius,
566 1757 814 1848 Gunderemus,
830 1759 1041 1852 Berngerus.
1069 1759 1182 1830 Leiei:
1200 1756 1576 1850 Goteboltluslrnrgre-

186 1861 278 1946 vius,
302 1857 424 1954 Boppo
450 1857 539 1931 ttius
565 1879 663 1948 suus,
689 1855 893 1932 Ludewieus
920 1857 963 1929 (le
985 1857 1272 1946 Frenolrenstsim
1294 1855 1506 1930 Gotelrolrlus
1533 1856 1577 1929 de

186 1956 434 2051 llsnnenlterg,
459 1957 579 2053 lloppo
606 1957 649 2030 de
675 1955 1023 2047 lrmenoltlerlmsen,
1050 1957 1134 2030 Giso
1162 1956 1205 2028 de
1230 1955 1453 2050 lliltenlrurg,
1478 1955 1575 2028 ller-

187 2076 331 2129 ruannus
359 2077 476 2129 eomes
504 2055 546 2128 (le
570 2055 840 2146 Billrildehnsen,
865 2055 1039 2130 liebertus
1066 2057 1109 2129 de
1135 2057 1266 2148 (lastel,
1291 2056 1371 2130 Otto
1398 2055 1441 2128 de
1464 2054 1575 2150 wig-

186 2155 405 2250 garshusen,
442 2154 616 2228 llerolrlus
649 2155 905 2246 uieerlominns,
941 2155 1120 2250 Billuugus
1156 2157 1341 2246 scultetus,
1378 2155 1575 2244 Adalrious,

185 2255 408 2346 Rielrelmus,
448 2253 661 2330 Goteltolelus
689 2255 856 2346 sinister,
894 2255 1076 2330 llainrlous
1113 2256 1239 2330 Weiso
1276 2267 1312 2328 et
1349 2255 1458 2326 irater
1492 2277 1575 2330 suus

186 2353 381 2446 lleroltlus,
407 2354 603 2445 ffldallrolr,
629 2354 826 2430 Goteirilus
854 2355 897 2426 tl'a
924 2355 1023 2446 loro,
1064 2352 1240 2428 Girnrerlus
1267 2355 1310 2428 de
1334 2353 1576 2443 Birzensleiar,

186 2453 415 2551 Volgnumlus
459 2455 503 2527 (le
536 2455 788 2546 Bureartorod,
827 2455 906 2528 Otto
954 2453 997 2527 de
1040 2454 1268 2546 Wmdehein,
1306 2449 1484 2527 Oiuretlns
1532 2451 1575 2524 de

185 2553 399 2648 llelrenburg
425 2565 459 2628 et
484 2554 542 2626 alii
567 2577 667 2650 quem
689 2555 819 2652 plures.

286 2656 376 2728 Acta
402 2677 492 2728 anno
518 2653 684 2746 dominiep
710 2657 954 2728 inoernalienis
980 2653 1026 2728 ll.
1054 2652 1106 2725 0⁰-
1132 2654 1217 2728 XL0·
1251 2652 1437 2728 indietions
1461 2649 1530 2725 111·-

286 2755 470 2849 Ragnanta
497 2751 654 2829 Ginratlo
681 2777 770 2827 anno
796 2755 836 2827 ll.
862 2757 962 2850 regui
988 2757 1054 2848 sni,
1072 2754 1266 2829 Goteltoltlo
1290 2753 1422 2828 urbano
1449 2755 1575 2824 semite

185 2864 373 2930 mmm
400 2954 536 3038 Sigillum
551 2958 741 3036 impressum,
765 2959 852 3016 cutus
872 2973 944 3036 pars
967 2960 1106 3037 superior
1128 2953 1217 3020 raltle
1237 2953 1321 3018 laesa
1335 2960 1391 3034 eet,
1414 2949 1578 3016 coneordat

399 3059 467 3104 oum
489 3041 541 3104 illo
565 3043 720 3122 sequentis
742 3037 920 3122 diplomatis.

789 3307 974 3382 LXXXIX.

782 3481 869 3542 Anno
897 3473 986 3542 1140.

189 3635 376 3709 Embrieho
404 3639 586 3734 episeopus
622 3635 796 3708 ecelesiae
823 3656 907 3708 suae
932 3633 1118 3730 plerosque
1143 3633 1299 3704 homines
1327 3630 1391 3704 sibi
1416 3632 1576 3726 proprios

619 3737 694 3806 iure
720 3733 991 3808 ministerialium
1017 3733 1130 3806 donat.

287 3853 495 3925 innomine
521 3861 640 3924 saneta
667 3859 702 3923 et
727 3849 897 3922 indiuidua
924 3853 1093 3923 trinitatis.
1119 3847 1358 3920 Embrioho
1384 3845 1440 3918 dei
1464 3848 1574 3940 gratia

187 3951 440 4049 herbipolensis
479 3954 673 4047 episeopus.
725 3949 959 4023 Ecclesiamm
999 3949 1122 4046 prelati
1161 3947 1228 4019 hoo
1264 3945 1410 4018 oilioium
1444 3967 1574 4040 gerere

186 4051 313 4125 hebent
333 4063 368 4124 et
383 4051 646 4128 sollicitudinem
662 4049 863 4142 smiiosen,
887 4059 926 4123 vt
952 4049 1121 4124 eeclesias
1137 4069 1217 4121 suas
1235 4047 1388 4120 exaltent
1411 4051 1447 4119 in
1460 4067 1574 4142 quan-
