3838 4728
921 443 1140 519 Monumenta

850 761 853 769 “
942 781 1121 858 comm.

747 981 834 1046 mmo
858 977 960 1062 1281,
983 979 1033 1047 25.
1054 981 1133 1064 hob,
1155 981 1317 1066 flerbipoli.

339 1165 521 1240 Bertoldus
548 1163 800 1264 herbipolensis
827 1169 1011 1264 episcopus
1038 1169 1199 1242 uniuersa
1225 1163 1338 1260 bona,
1364 1190 1452 1264 quae
1477 1169 1724 1242 monasterium

339 1265 452 1342 Ebora
479 1265 646 1366 possidet,
673 1289 847 1342 consensu
875 1266 1012 1363 capituli
1038 1291 1057 1340 a
1083 1271 1158 1340 iure
1184 1289 1270 1360 suo,
1294 1267 1384 1368 quod
1410 1265 1566 1340 lantieite
1592 1266 1724 1362 vulga-

778 1369 862 1440 riter
887 1377 1111 1464 nuncupatur,
1138 1371 1267 1440 eximit.

437 1533 720 1611 liertholdus
746 1537 802 1610 dei
828 1541 946 1632 gracia
963 1536 1217 1633 herbipolensis
1234 1541 1429 1635 episcopus.
1457 1535 1726 1609 Admcmoriarn

340 1639 489 1710 omnium
514 1647 582 1709 tam
606 1639 836 1734 presencium,
862 1657 962 1732 quam
986 1637 1269 1732 postfuturum,
1294 1645 1477 1734 presentes
1494 1635 1627 1709 iittsrm
1644 1635 1726 1708 leo·

338 1745 492 1808 tororum
518 1740 670 1834 cupimus
697 1741 903 1832 pomonirc,
930 1735 1022 1832 qnod
1047 1736 1089 1810 ad
1114 1759 1197 1811 usus
1222 1747 1364 1812 nestros
1399 1735 1503 1810 vtiles
1530 1747 1666 1810 centum
1693 1745 1728 1810 et

189 1829 194 1848 '
340 1837 583 1932 quinquaginta
609 1837 747 1910 maldris
775 1837 923 2009 silipinis
948 1859 968 1908 a
994 1836 1120 1910 dilecto
1147 1839 1182 1911 in
1208 1837 1344 1911 Christo
1371 1836 1575 1910 Winrico
1602 1833 1727 1910 abbam

340 1939 540 2008 monasterii
553 1937 757 2027 inhibere,
785 1959 827 2009 or
850 1941 915 2010 inis
930 1941 1190 2034 cysterciensis,
1204 1949 1326 2012 nostre
1337 1937 1514 2034 dyocesis,
1529 1937 1681 2032 receptis
1699 1933 1727 2026 ¹)

340 2037 374 2106 in
401 2055 652 2132 reconpensam
678 2037 776 2108 huius
803 2041 910 2133 precii
936 2041 1002 2133 ipsi
1027 2042 1240 2110 monasterio
1266 2040 1579 2134 impertirimunus
1604 2046 1728 2108 nostra

340 2138 451 2227 gratie
476 2135 660 2226 volentes,
699 2140 879 2210 eximimus
913 2145 948 2209 et
973 2147 1133 2233 exempta
1171 2137 1312 2211 didmus
1337 2139 1588 2210 interueniente
1615 2137 1728 2208 nostri

341 2235 479 2330 capituli
505 2258 679 2309 consensu
705 2258 877 2332 expresso
901 2227 1069 2311 'uniuersa
1094 2237 1196 2326 bona,
1223 2261 1289 2334 que
1315 2237 1404 2310 idem
1431 2235 1538 2310 abbas
1573 2247 1610 2310 et
1634 2257 1726 2310 con-

339 2345 463 2410 nentus
496 2335 576 2410 dicti
609 2340 810 2410 monasterii
847 2341 914 2408 ianr
952 2337 1135 2432 possidere
1159 2338 1382 2411 dinoscuntur
1421 2357 1441 2408 a
1480 2339 1555 2410 iore
1590 2345 1728 2426 nostro,

341 2435 431 2529 quod
457 2437 878 2531 lantleitevulguriter
896 2447 1119 2533 nuncupatur,
1145 2459 1186 2510 uo
1201 2439 1439 2534 promittimus,
1459 2457 1526 2510 nos
1540 2445 1727 2510 etnostrm

342 2533 511 2610 officiatos
537 2559 601 2612 seu
628 2537 782 2612 subditos
808 2548 949 2610 nostros
977 2559 1199 2634 quoscunque
1224 2537 1337 2611 nullas
1371 2557 1513 2632 prorsus
1540 2533 1583 2608 ab
1607 2535 1728 2610 homi-

341 2635 441 2710 nibus
468 2637 609 2710 aduenis
636 2643 814 2733 utriusque
829 2657 950 2726 sexus,
975 2637 1211 2733 undecumque
1224 2637 1437 2727 aduenerint,
1462 2635 1725 2709 inhabitantibus

341 2735 401 2808 vei
427 2737 633 2827 colentibus,
658 2749 808 2810 nuncet
833 2737 1038 2828 infuturum,
1065 2737 1154 2810 bona
1169 2737 1292 2836 prefati
1305 2739 1518 2826 monustcrii,
1538 2737 1727 2832 procerius,

343 2841 559 2926 exactiones,
585 2848 711 2927 sturas,
737 2840 897 2931 ungarius
936 2848 993 2909 aut
1028 2837 1093 2910 aliu
1127 2859 1339 2934 quecumque
1365 2839 1512 2910 seruicia
1552 2839 1589 2908 in
1629 2845 1730 2908 antea

342 2939 509 3032 petituros
536 2937 596 3010 vei
622 2939 730 3010 eciam
755 2946 969 3032 accepturos.
1024 2937 1094 3010 Sed
1117 2959 1222 3010 omne
1241 2941 1312 3032 jus,
1336 2933 1428 3032 quod
1462 2935 1507 3008 de
1532 2945 1729 3010 consuetu·-

343 3035 421 3108 dine
447 3059 468 3106 a
493 3039 623 3108 nostris
650 3033 957 3131 predecessoribus
985 3059 1096 3132 vsque
1123 3038 1165 3110 ad
1191 3059 1256 3112 nos
1271 3035 1576 3110 deductanobisin
1594 3034 1730 3109 eisdem

343 3133 535 3208 hominibus
562 3135 780 3232 conpetebat,
806 3157 825 3208 a
851 3135 951 3210 nobis
979 3159 1078 3232 quum
1104 3137 1160 3208 diu
1185 3137 1286 3210 iidem
1312 3137 1468 3210 homines
1485 3135 1657 3210 coluerint
1672 3134 1731 3210 vei

342 3233 604 3308 inhabitauerint
629 3233 761 3332 predata
785 3236 888 3328 bonu,
914 3239 1050 3332 penitus
1076 3235 1293 3328 abdicantes,
1318 3235 1409 3309 idem
1433 3240 1487 3309 ius
1513 3237 1548 3308 in
1574 3233 1732 3310 abbatem

344 3345 380 3410 et
417 3345 624 3408 conuentum
661 3335 845 3431 supradicti
884 3341 1083 3410 monasterii
1123 3337 1360 3411 transierimus
1402 3341 1436 3410 in
1472 3335 1540 3410 hiis
1577 3339 1730 3434 scriptis,

348 3457 576 3511 successores
602 3445 745 3510 nostros
772 3438 814 3509 ad
841 3435 1101 3512 obseruanciam
1117 3441 1266 3511 omnium
1281 3439 1527 3534 premissorum
1540 3436 1584 3510 de
1599 3437 1730 3510 uehun-

343 3544 414 3608 tate
439 3533 697 3629 Manegoldi
724 3534 766 3608 de
791 3533 1083 3632 Nriwenburg
1106 3541 1273 3634 prepositi
1298 3549 1334 3610 et
1357 3536 1539 3612 Alberti
1564 3536 1729 3610 de‘iai-

344 3633 458 3707 heim
484 3635 604 3707 decani
631 3637 810 3731 tociusque
827 3637 964 3733 capituli
979 3641 1090 3712 nostri
1101 3637 1243 3734 predicti
1262 3633 1458 3731 obligantes
1468 3645 1732 3732 nostrarumque

345 3733 571 3808 ecclesiarum
596 3737 754 3830 proprios
781 3736 937 3810 homiues
963 3742 1040 3828 iuri,
1066 3737 1109 3810 de
1135 3761 1202 3833 quo
1227 3737 1424 3835 predicitur,
1449 3740 1588 3812 minime
1613 3735 1728 3810 inciu-

346 3833 489 3923 dentes,
523 3855 610 3928 quos
636 3833 793 3910 uolumus
826 3835 955 3909 habere
990 3837 1263 3930 nonobstante,
1301 3840 1332 3910 si
1356 3840 1421 3932 ipsi
1447 3841 1482 3909 in
1508 3837 1641 3911 cultura
1670 3835 1729 3908 vel

345 3931 596 4007 inhabitacione
621 3931 788 4007 bonorum
821 3937 985 4033 sepedicti
1023 3942 1224 4011 monasterii
1258 3937 1405 4027 fuerint,
1441 3939 1528 4032 ipsis
1567 3935 1727 4011 ecclesiis

346 4033 441 4103 iuxta
467 4055 583 4106 earum
610 4036 876 4112 consuetudines
901 4037 1090 4125 deseruire,
1117 4037 1266 4134 alioquin
1284 4035 1388 4109 abbas
1403 4033 1575 4132 predictus
1589 4035 1727 4112 eosdem
