3776 4730
897 453 1116 536 uomucnu

905 765 1127 846 cccxcvii.

708 973 797 1045 tuno
822 969 925 1053 1275„
946 977 977 1040 in
998 919 1103 1036 mense
1124 971 1313 1038 Novembris.

315 1160 482 1236 Albertue
510 1160 553 1234 de
577 1158 788 1254 Ehersherg,
814 1161 869 1232 uir
893 1157 1040 1252 nubitis,
1065 1181 1141 1232 cum
1166 1169 1323 1235 matrona
1346 1159 1453 1236 uetiti
1476 1159 1702 1256 Irmenpardi,

317 1264 466 1356 coniuge
493 1282 567 1352 sne,
594 1271 742 1333 cestrum
770 1279 866 1334 suum
893 1260 1085 1356 dagesherc
1109 1259 1274 1333 Bertoido
1289 1263 1457 1356 episeopo
1482 1272 1517 1333 et
1529 1263 1703 1335 ecelesiae

316 1359 551 1463 herbipolensi
579 1359 690 1452 tradit,
717 1369 752 1432 et
777 1359 818 1435 eb
845 1359 967 1434 eodem
993 1381 1057 1458 pre
1084 1381 1124 1432 se
1151 1367 1185 1432 et
1210 1360 1394 1434 heredibus
1410 1365 1496 1452 suis,
1522 1361 1701 1438 abherbi-

383 1541 385 1548 ,
497 1461 635 1561 polensi
660 1459 811 1538 ecclesio
837 1460 934 1534 tituto
961 1459 1089 1534 feodali
1114 1459 1368 1558 possidendum,
1397 1463 1527 1559 recipit.

344 1699 347 1710 .
416 1620 554 1712 Litteris
581 1631 799 1729 presentibus
825 1641 940 1730 pateat
965 1634 1150 1720 uniuersis,
1177 1630 1267 1728 quod
1292 1651 1378 1720 nos,
1412 1629 1632 1708 Aibcrtus
1658 1633 1702 1710 de

316 1731 597 1829 Ehersperg„
624 1736 678 1806 vir
700 1731 843 1824 nobilis,
869 1755 945 1806 cum
971 1742 1126 1806 metrone
1152 1726 1259 1806 nobili
1284 1730 1583 1826 irmengardi,
1611 1757 1703 1808 cou-

190 1878 192 1886 ·
231 1819 237 1832 ’
316 1836 403 1926 iuge
426 1845 558 1923 nostra„
583 1834 745 1906 volentes
771 1855 837 1908 uos
863 1833 1051 1927 adiungere
1077 1831 1294 1906 familiaritati
1320 1843 1356 1908 et
1375 1831 1535 1907 subicere
1562 1835 1704 1914 tuicioni

318 1933 471 2028 ecclesie
496 1933 749 2030 herbipolensis
776 1943 812 2006 et
836 1931 1046 2006 venerahilis
1074 1935 1178 2029 patrie
1201 1931 1327 2008 domiui
1352 1937 1462 2006 nostri
1477 1935 1705 2026 Bertoidi,

318 2033 387 2106 loci
415 2033 566 2106 eiusdem
595 2037 762 2132 episcopi,
789 2043 824 2104 et
851 2055 989 2106 suorum
1017 2053 1259 2106 successorum
1285 2036 1525 2106 uniuersorum
1553 2045 1704 2108 cestmm

317 2143 472 2210 nostrum
498 2132 758 2232 degesherg
784 2156 859 2206 cum
886 2133 1042 2208 omnibus
1068 2132 1181 2222 honis,
1207 2131 1316 2205 cidem
1345 2145 1459 2206 castre
1471 2135 1704 2228 attinentibus,

319 2233 417 2332 quod
446 2237 481 2310 iu
506 2237 715 2331 proprietate
743 2231 950 2308 dinoscimur
975 2231 1180 2332 possidere,
1218 2231 1373 2320 manibus
1416 2231 1504 2308 dicte
1545 2237 1704 2330 coniugis

317 2345 438 2412 nostre
464 2335 677 2424 mammetis,
703 2333 820 2408 damus
848 2333 957 2408 eidem
985 2331 1121 2409 domiuo
1149 2344 1269 2408 nostro
1293 2335 1457 2430 episeopo
1486 2345 1521 2408 et
1550 2335 1706 2412 ecclesie

320 2459 382 2510 sue
408 2435 642 2531 herbipolensi
668 2433 858 2513 liberaliter
883 2437 1102 2530 proprietatis
1136 2437 1274 2511 nomine
1311 2435 1578 2530 possidendum,
1614 2435 1705 2510 euh-

318 2539 463 2631 icieutes
505 2535 766 2609 nichilhominus
803 2555 869 2608 nos
914 2545 951 2606 et
988 2545 1106 2608 nostra
1143 2537 1283 2608 tuicioni
1325 2545 1513 2609 memorate
1549 2537 1705 2612 ecclesie

318 2636 529 2734 predictirpre
547 2635 681 2709 'domiui
719 2637 873 2732 episcopi
913 2655 1050 2707 necnon
1087 2654 1228 2707 suorum
1258 2637 1410 2706 omnium
1448 2657 1704 2710 streeessorum.

320 2735 418 2830 Quod
445 2745 592 2810 castrum
620 2733 786 2835 siquidem
824 2743 858 2806 et
892 2734 984 2807 hona
1009 2737 1190 2808 attinencia
1230 2733 1271 2806 ab
1309 2734 1432 2808 eodem
1459 2735 1595 2809 domino
1623 2740 1704 2836 epi-

320 2859 440 2934 scopo¹
460 2831 532 2934 pro'
559 2835 659 2916 uobis
697 2845 736 2924 et
764 2838 894 2918 uostris
937 2833 1118 2908 heredibus
1157 2831 1350 2930 recepimus
1387 2833 1428 2906 ab
1471 2833 1707 2936 herbipolensi

321 2937 475 3018 ecclesia
508 2933 752 3034 possidendum
791 2933 890 3008 titulo
928 2933 1067 3010 feodali.
1123 2931 1162 3010 In
1204 2937 1300 3009 cuins
1343 2934 1543 3012 donacionis
1584 2948 1707 3017 nostre

318 3040 550 3111 testimonium
574 3045 773 3132 presentem
798 3037 957 3129 peginam
992 3033 1114 3106 abinde
1147 3038 1376 3130 conscripum
1411 3035 1564 3112 dedimus
1597 3039 1706 3132 sigilii

318 3141 429 3211 nestri
455 3141 638 3237 munimine
663 3133 871 3207 roboretum.
924 3131 1045 3208 Datum
1072 3143 1107 3206 et
1132 3145 1244 3206 aetum
1271 3135 1502 3214 annotentur
1520 3135 1707 3217 MOGLXX

321 3241 453 3347 quintop
476 3228 657 3314 irr'meuse
681 3233 900 3327 Nouembris,
924 3235 1111 3308 indictione
1136 3233 1221 3311 litte

335 3421 391 3536 [J
477 3421 496 3533 J
532 3435 668 3528 siguum
690 3437 786 3528 parnt
