3776 4730
912 379 1130 488 bonomonte

964 713 1072 798 oon.

822 895 911 962 Anno
937 892 1039 974 1277„
1062 890 1093 962 d:
1115 895 1245 976 Aprilis:

330 1049 506 1130 Sententia
544 1051 699 1126 officialis
744 1055 866 1134 curiae,
894 1051 1147 1150 herbipolensis
1183 1061 1320 1140 contra„
1336 1049 1533 1139 Heinricnm
1571 1045 1710 1123 militem

328 1153 451 1242 dictum
484 1148 531 1226 dc
553 1147 797 1246 Randesaclrer
831 1151 873 1226 ad
906 1149 1151 1252 refundendum
1176 1143 1508 1245 ⁴tr1101‹1l›'‚111aioris
1538 1148 1710 1223 ecclesiae

344 1243 348 1324 Ϊ
378 1253 510 1328 custodi
528 1247 702 1355 'cononem
728 1255 828 1329 unius
856 1245 954 1342 anai,
989 1251 1194 1339 subtractum
1221 1249 1388 1326 debonis
1417 1253 1450 1322 in
1475 1245 1661 1325 Rer'theim.

427 1424 451 1500 1.
479 1446 521 1499 n.⁴
541 1421 572 1496 d.
599 1447 629 1495 a.
683 1422 768 1498 Cum
794 1427 883 1499 inter
907 1423 1143 1513 honorabilem
1169 1425 1279 1498 virum
1305 1418 1711 1518 Arnoldumcusto-

353 1546 405 1610 em
441 1535 561 1596 nostre
597 1523 748 1598 ecclesie
786 1545 833 1598 ex
865 1519 950 1612 uba,
986 1533 1021 1596 et
1045 1518 1308 1618 Heinriounp
1344 1521 1483 1624 militem
1506 1519 1635 1594 dictum
1669 1518 1711 1592 de

327 1521 657 1722 llandesack'er
684 1647 730 1698 cx
756 1634 852 1719 parte
880 1620 987 1698 altera
1015 1619 1256 1696 coramnobis
1281 1616 1324 1696 R.
1353 1614 1538 1694 scolastico
1565 1629 1601 1695 et
1626 1619 1709 1692 otn-

327 1720 404 1822 piali
432 1727 525 1796 curie
553 1720 803 1820 herbipolensis
832 1725 965 1823 questio
992 1733 1197 1814 uerteretur,
1224 1721 1331 1808 dictus
1359 1777 1366 1795 .
1391 1717 1547 1806 ,scnstos
1574 1712 1709 1816 propo-

328 1825 405 1915 suit,
443 1822 533 1918 quod
566 1847 641 1896 cnm
675 1823 784 1896 dictus
819 1826 919 1896 miles
953 1827 1152 1920 pensionem
1178 1845 1303 1899 nouem
1322 1817 1535 1923 *maldrorum
1563 1820 1710 1914 siliginis

327 1920 384 2017 de,
405 1918 602 2016 quibusdam
636 1924 736 1996 bonis
768 1929 801 1998 in
836 1920 919 1996 villa
945 1915 1170 1996 llcrtbeim
1198 1917 1482 2021 'singulisannis
1506 1919 1710 1994 soluendam

326 2045 516 2122 perunum
541 2047 663 2096 annum
689 2018 930 2110 subtraxisset
958 2021 1102 2098 errndom
1129 2015 1171 2099 od
1197 2021 1411 2098 solucionem
1439 2019 1591 2094 eiusdem
1618 2041 1710 2118 pan-

328 2125 439 2195 sionis
467 2121 639 2196 subtracto
665 2147 743 2198 com
768 2126 877 2198 ellare
905 2121 1134 2218 dignaremur,
1161 2123 1222 2198 lite
1249 2118 1361 2218 ita'qde
1388 2145 1450 2217 per
1475 2119 1586 2215 ipsum
1615 2119 1710 2192 mili-

327 2233 395 2321 tem
423 2227 666 2320 superpetitis
693 2147 828 2298 adlato
864 2225 1006 2298 custode
1040 2225 1193 2318 legitime
1229 2231 1441 2310 contestata,
1475 2219 1582 2294 isdem
1610 2219 1710 2292 miles

328 2323 532 2418 excipiendo
563 2325 763 2426 proposuit,
797 2324 886 2420 quod
921 2349 988 2398 non
1023 2334 1198 2396 teneretur
1223 2321 1265 2394 ad
1291 2321 1504 2396 solucionem
1531 2321 1711 2422 pensionis

327 2421 522 2624 pubtracte,
565 2448 613 2500 co,
632 2424 733 2596 ,qlpod
774 2424 881 2498 dictus
919 2436 1035 2500 custos
1070 2423 1139 2496 tale
1173 2421 1445 2520 impedimentum
1481 2417 1711 2516 inpredictis

352 2525 440 2612 onis
462 2548 485 2595 a
513 2523 631 2620 quibus
654 2538 658 2550 ·
681 2523 849 2598 uiusmodi
875 2527 996 2620 pensio
1016 2518 1113 2604 ¹solui
1137 2523 1253 2610 debet,
1278 2522 1343 2594 sibi
1368 2514 1552 2612 intulisset,
1578 2532 1613 2592 ut
1636 2523 1712 2616 ipso

328 2619 454 2714 eadem,
474 2624 564 2699 bona
590 2626 709 2698 colere
726 2629 882 2721 minime·
899 2629 1079 2720 potuisset,
1110 2623 1152 2696 ad
1177 2623 1263 2699 banc
1290 2619 1527 2718 exceptionem
1554 2621 1711 2720 proban-

327 2721 401 2807 dam
430 2720 601 2824 quosdam
623 2736 729 2821 testes
738 2719 746 2803 ’,
754 2716 929 2826 produnit„
955 2715 1102 2819 quorum
1124 2710 1393 2827 depositionibus
1413 2717 1608 2826 publicatis,
1634 2733 1713 2808 cuna

326 2846 406 2918 pars
432 2816 556 2918 prelati
580 2825 730 2901 custodis
757 2825 804 2896 nil
832 2823 972 2899 obicere
998 2823 1105 2897 uellet
1130 2827 1163 2896 in
1190 2818 1277 2906 dicta
1303 2821 1361 2894 nel
1378 2845 1551 2918 personas
1571 2825 1713 2898 testium

327 2911 538 3024 <eorundem⁷
572 2912 641 2998 nos
668 2947 813 3025 'seruare
845 2924 935 3021 uiam
971 2927 1104 3020 iusticie
1130 2922 1306 3023 cupientes
1335 2921 1484 3018 partibus
1510 2918 1710 3018 prelix'iraus

325 3016 505 3124 tprmidum
530 3028 795 3122 peremptorium
821 3023 863 3096 ad
889 3020 1106 3096 definitiuam'
1130 3025 1330 3099 sententiam
1359 3021 1580 3108 acuendam,
1606 3043 1708 3097 cum-

326 3146 391 3217 que
417 3114 451 3196 in
477 3128 652 3224 assignato
679 3128 825 3198 termino
851 3135 966 3220 partes
1003 3134 1121 3196 essent
1156 3127 1190 3196 in
1215 3135 1336 3197 nostre
1361 3126 1541 3218 presencia
1569 3125 1706 3196 cousti-

325 3232 408 3321 tute,
435 3234 577 3321 utraque
603 3235 740 3320 petente
768 3222 970 3296 sententiam
1004 3247 1066 3320 pro
1100 3247 1139 3296 se
1174 3221 1269 3311 ferri,
1294 3246 1359 3296 nos
1385 3223 1491 3312 uisis„
1525 3221 1646 3294 auditis
1674 3231 1712 3292 et

327 3318 509 3398 intellectis
541 3323 673 3420 iuribus
690 3409 692 3416 y
710 3334 744 3396 ct
776 3325 970 3423 nacionibus
1008 3327 1159 3420 parcium
1193 3321 1418 3428 predictarum
1453 3333 1487 3394 et
1512 3345 1616 3418 super
1641 3321 1709 3394 biis

324 3413 576 3516 deliberatione.
596 3421 772 3518 prehabito
800 3415 966 3518 diligenti,
992 3448 1068 3518 quia
1094 3415 1192 3496 nobis
1218 3425 1382 3512 constitit,
1408 3421 1497 3518 quod
1526 3445 1704 3496 memora-

324 3531 377 3592 tus
413 3523 512 3593 miles
549 3525 788 3618 exceptionem
822 3547 915 3596 suam
952 3547 1021 3594 non
1056 3517 1263 3596 sufficienter
1289 3519 1465 3620 probauit,
1491 3525 1599 3618 ipsum
1636 3545 1705 3596 non

325 3621 481 3693 obstante
507 3626 711 3717 exceptione
739 3623 941 3705 hrriusmodi,
968 3623 1010 3694 sd
1036 3623 1250 3694 solucionem
1270 3627 1505 3718 prenominata
1528 3626 1704 3718 pensionis

324 3743 386 3817 per
411 3744 511 3793 unum
538 3745 659 3793 annum
684 3721 879 3810 subtracto,
913 3722 1092 3803 antedicto,
1110 3714 1242 3794 custodi
1278 3723 1466 3798 faciendam
1489 3745 1554 3818 per
1578 3721 1703 3794 delini-

325 3823 427 3892 tiuam
454 3825 662 3894 sentenciam
689 3822 986 3918 condempnemus.
1034 3819 1071 3890 lu
1098 3825 1193 3890 cuius
1220 3826 1271 3893 rei
1297 3827 1525 3896 testimonium
1553 3845 1703 3918 presen-

324 3931 391 3990 tem
426 3925 636 3995 sentenciam
670 3933 789 3994 nostro
825 3923 941 4016 sigillo
976 3919 1189 3991 roboramus.
1249 3923 1330 3994 bata
1358 3935 1412 3994 est
1437 3923 1501 3994 beo
1528 3927 1704 3996 sentencia

326 4041 414 4101 anno
442 4019 878 4135 tournines-‚txtv1t2
904 4021 989 4107 lario
1016 4023 1122 4105 torcio
1150 4033 1229 4129 post
1254 4023 1453 4129 quasimodo
1473 4027 1594 4132 geniti²
1619 4045 1704 4133 pre·
