3794 4722
358 458 428 536 tit
927 453 1151 538 llouuutouta
1261 475 1265 482 ’

353 669 450 732 turea
475 659 505 732 si
530 657 798 752 pronominum
821 655 965 730 tutona
997 665 1033 727 ot
1066 675 1150 730 suos
1181 653 1328 728 hermu
1361 654 1419 728 uel
1443 653 1552 728 lanes
1576 652 1634 726 uel
1657 653 1726 728 ulia

353 759 608 853 qualiscunque
632 759 824 832 nenessitas
850 756 940 832 tono
966 757 1173 848 grauuuerit,
1198 755 1333 830 domum
1354 753 1538 849 prediotaur
1558 753 1726 828 uendendi

353 862 540 951 uaiounque
566 855 737 930 uolueriut
761 865 967 953 potestatem
991 855 1147 944 labeum,
1172 858 1219 928 itu
1243 865 1280 928 ut
1302 877 1412 928 ounon
1436 855 1584 946 eoeleste
1608 864 1726 946 nostre

352 961 555 1034 eonstitutns
583 957 701 1032 selues
726 966 912 1030 remaneat.
951 955 998 1026 Vt
1019 957 1121 1048 igitur
1144 958 1366 1050 inposterum
1381 953 1484 1029 huius
1497 955 1726 1048 delegationis
1749 1013 1753 1020 .

350 1059 444 1134 nulla
468 1056 544 1130 lieri
567 1060 680 1152 possit
704 1054 845 1146 obliuio,
870 1055 932 1148 lupo
948 1075 1092 1150 presens
1109 1056 1236 1128 oartula
1253 1055 1357 1147 sigilli
1374 1059 1481 1126 nostri
1498 1057 1726 1150 impressione

352 1169 387 1233 ot
412 1155 556 1234 testibus
580 1156 781 1251 subscriptis
806 1166 861 1230 est
886 1154 1092 1228 oonirurata.

449 1255 509 1332 Isti
534 1267 613 1332 sunt
636 1267 745 1328 testes
771 1256 908 1332 cleriei:
948 1254 1143 1328 Guteiridus
1169 1255 1339 1344 deoanus,
1373 1253 1568 1328 (loteirious
1594 1263 1725 1345 ountor,

352 1353 526 1432 conadae
551 1355 596 1431 de
618 1357 645 1428 F
648 1355 806 1446 roburelr,
830 1358 1024 1430 Dieteriuus
1051 1355 1093 1428 de
1107 1352 1341 1446 Boheulruren
1365 1355 1617 1449 Eugelhurdus,
1641 1354 1724 1428 un-

351 1457 486 1532 derious
513 1455 656 1544 Conurs,
682 1456 869 1546 Gerlaous,
895 1455 1071 1530 Ginratlus
1096 1457 1331 1550 pertenentis,
1354 1454 1588 1530 Ellrelrurdus.
1639 1454 1723 1528 ltent

349 1557 450 1632 laici:
474 1557 664 1634 Heinrions
684 1556 870 1644 scultetus,
894 1555 1116 1630 Elulroluartlus
1144 1555 1328 1644 soultetus,
1353 1554 1531 1649 Nidungus
1557 1565 1593 1628 et
1618 1552 1725 1628 frater

351 1677 434 1732 suus
461 1655 672 1744 Walule'lrer,
697 1655 958 1745 Erlreulroldus,
990 1654 1195 1746 Beruolius,
1233 1653 1413 1748 Gerungus
1450 1667 1485 1730 et
1518 1655 1643 1728 iratres
1668 1657 1723 1728 sui

350 1756 525 1830 Arnoldus
551 1766 586 1828 et
610 1750 812 1846 Ginradus,
837 1756 1011 1829 Arnoldus
1038 1756 1202 1828 scultetus
1229 1765 1264 1826 et
1288 1755 1470 1828 Bertoldus
1495 1755 1602 1830 irater
1627 1777 1723 1828 suus.

349 1857 438 1937 sou
450 1868 528 1932 suut
543 1856 606 1947 hoo
622 1879 711 1930 mnu
724 1857 891 1948 dominius
905 1859 1145 1932 normannnis
1153 1855 1214 1932 11⁰·
1232 1854 1284 1928 0⁰·
1299 1853 1525 1946 nxxrffltlo,
1540 1855 1723 1930 indietiono

350 1953 421 2047 11²,
465 1961 654 2052 inperoute
698 1957 725 2030 F
728 1956 885 2032 rederioo
930 1957 1186 2050 gloriosissimo
1227 1956 1460 2030 Rornanorum
1505 1959 1723 2052 inperatore,

349 2056 578 2151 Regeulrorulo
615 2056 906 2151 wnoebugousis
940 2057 1088 2148 eoelesip
1131 2059 1295 2156 episeopo
1328 2060 1519 2147 existente,
1557 2057 1724 2153 Boppone

349 2157 641 2254 wirseburgensis
666 2155 1013 2254 urbispreiooturum
1037 2165 1184 2232 tenente
1200 2165 1239 2232 at
1262 2165 1419 2252 regente.

557 2354 700 2441 etgtttun·
715 2356 839 2444 cotenu
856 2356 891 2425 S.
911 2356 1019 2426 litltuul
1042 2357 1080 2424 tle
1101 2355 1192 2424 doum
1211 2362 1393 2441 inpressum
1413 2355 1509 2427 utut

938 2773 1136 2855 oxuxvu

936 2973 1023 3040 Anno
1048 2969 1138 3040 1184

351 3155 544 3256 Collegium
570 3155 608 3232 S.
634 3157 758 3236 lliliuui
782 3159 824 3234 de
850 3159 952 3236 domo
978 3159 1177 3236 damulus
1203 3159 1249 3234 de
1262 3157 1299 3234 S.
1315 3159 1401 3236 Afro
1427 3183 1533 3256 agros
1555 3163 1721 3266 quosdam

517 3255 676 3354 hospitali
703 3257 741 3334 S.
764 3258 878 3356 Egidii
902 3263 1085 3336 attinentes
1112 3259 1154 3334 atl
1180 3259 1408 3336 excolendum
1432 3261 1543 3335 tradit.

446 3446 484 3522 G.
535 3449 572 3524 lu
598 3451 735 3524 nornine
761 3460 880 3527 sancte
906 3461 940 3524 et
965 3449 1134 3524 indiuiduo
1166 3455 1333 3526 trinitatis.
1386 3452 1579 3546 Collegium
1613 3457 1721 3526 saneti

346 3548 483 3646 Kyllunl
510 3547 552 3622 de
578 3547 692 3625 doruo.
729 3548 853 3628 Notum
880 3553 924 3626 sit
949 3551 1104 3626 omnibus
1129 3561 1197 3626 um
1221 3555 1394 3648 presentis
1408 3575 1508 3648 quum
1524 3562 1603 3648 post
1618 3553 1722 3629 trinu

346 3653 401 3724 aui
427 3648 552 3724 Gluisti
570 3647 747 3738 lidolilrus,
771 3650 925 3724 doninus
951 3651 994 3724 do
1020 3663 1138 3726 sunna
1161 3653 1248 3728 Atra
1273 3651 1437 3746 quosdam
1463 3675 1568 3748 agros
1595 3652 1719 3749 lrospi-

346 3749 417 3840 tnli,
443 3749 534 3845 quod
559 3773 580 3822 a
603 3755 779 3847 preposito
795 3751 920 3826 Οιιοιιο
945 3751 1115 3826 hunduturu
1141 3763 1208 3844 est,
1233 3757 1416 3826 attinentes
1441 3763 1477 3826 et
1501 3757 1595 3848 agris
1619 3757 1721 3849 ipss-

346 3871 418 3924 ruur
445 3849 653 3942 ediscentes,
677 3874 699 3923 a
723 3851 824 3926 nolis
851 3853 1081 3946 expetiuisse,
1114 3875 1158 3926 en
1184 3852 1345 3928 uidelicet
1369 3864 1493 3950 puoto,
1532 3853 1623 3950 quotl
1655 3877 1723 3933 eoo

346 3953 515 4026 munuu'ru
551 3951 666 4024 exeoli
701 3951 879 4050 disponunt
912 3961 947 4026 et
972 3973 1138 4026 munuum
1163 3951 1206 4026 ule
1232 3955 1283 4027 eis
1310 3957 1550 4045 constituam,
1587 3954 1723 4028 scilieet

345 4053 482 4144 utgnta
507 4050 639 4128 modios
666 4052 826 4150 siliginis,
851 4055 996 4148 quinque
1014 4055 1128 4145 tritiui,
1156 4063 1226 4126 tres
1242 4053 1369 4150 spelte,
1395 4052 1482 4130 duos
1501 4053 1612 4147 ordei,
1638 4065 1721 4130 outo
