3800 4718
345 429 419 503 118·
921 425 1139 548 llonumetrtu
1243 429 1247 436 ’

345 647 483 702 suorum
525 626 591 702 deo
626 639 661 701 et
699 639 817 701 sancta
843 629 952 701 Maria
992 639 1028 700 et
1064 639 1183 702 aurato
1218 625 1367 724 llpliano
1400 627 1478 700 nelo
1511 627 1568 701 dai
1601 627 1726 702 dunas

344 728 548 802 oonnadldit
570 751 610 801 aa
635 724 729 820 lege,
755 739 792 800 ut
816 733 985 800 annuatim
1001 732 1044 799 in
1070 728 1161 801 festo
1189 730 1298 800 saneti
1323 727 1461 823 llyliani
1486 727 1529 802 da
1555 751 1638 800 area
1662 729 1724 801 illa

298 831 300 841 '
344 831 455 924 quieta
481 851 566 923 paea
615 827 798 900 assidendo
824 849 946 900 vrnum
979 831 1051 898 vini
1087 850 1162 899 oum
1189 825 1316 900 duabus
1343 827 1494 900 eandrdis
1523 849 1570 902 ex
1594 826 1725 902 duabus

342 923 439 999 libris
466 949 547 999 cere
582 849 682 1000 dans
719 927 879 1000 iratribus
913 931 1053 1000 maioris
1088 927 1240 1000 ecelesia
1275 928 1503 1021 persolueret.
1553 929 1607 1000 Eo
1634 949 1724 1000 nara

343 1028 496 1101 humanis
522 1027 624 1099 rebus
652 1038 836 1122 exempto,
874 1049 956 1098 aree
993 1028 1084 1100 illius
1111 1049 1319 1122 possessor,
1354 1046 1599 1122 quemeumque
1632 1027 1724 1100 idn

344 1127 432 1199 'luto
460 1146 700 1200 suscessorem
727 1127 791 1200 sibi
818 1125 965 1221 elegerit
1003 1127 1046 1198 da
1083 1149 1125 1198 oa
1156 1125 1191 1196 id
1215 1130 1325 1222 ipsun
1351 1131 1520 1198 annuatim
1557 1131 1592 1198 in
1618 1130 1721 1198 anni-

343 1230 499 1300 uersario
526 1228 673 1300 'latomis
696 1225 892 1322 persoluat,
927 1237 962 1298 et
1000 1230 1113 1320 plinta
1148 1248 1235 1321 paea
1271 1226 1458 1322 possideat.
1510 1226 1614 1314 Quod·
1634 1247 1724 1320 ergo

342 1324 466 1398 laetum
493 1337 547 1398 est
571 1330 742 1424 presentis
770 1329 885 1421 scripti
911 1329 1035 1422 pagina
1062 1325 1332 1398 oonllrmauimus
1367 1337 1403 1398 at
1427 1330 1460 1398 ei
1485 1329 1724 1400 auctoritatam

344 1427 450 1520 sigilli
484 1431 593 1498 nostri
627 1429 844 1520 inpressione
879 1425 1042 1498 dedimus.
1097 1426 1135 1496 Si
1171 1428 1245 1519 quis
1278 1429 1381 1518 igitur
1416 1425 1451 1496 id
1485 1429 1520 1496 in
1545 1435 1722 1521 postorum

344 1537 429 1615 arte,
447 1525 536 1620 Ι1616
563 1526 619 1597 uel
646 1527 758 1620 aliquo
784 1525 874 1596 malo
889 1529 1029 1619 ingenio
1055 1525 1243 1618 infringere
1268 1525 1326 1596 uel
1351 1523 1521 1598 inlirruare
1536 1545 1721 1620 presump-

344 1629 439 1716 serit,
466 1626 643 1698 anathema
670 1629 714 1698 sit
738 1625 943 1698 maranatha.
997 1626 1143 1697 Testes:
1169 1624 1348 1698 Richollus
1375 1629 1572 1721 prepositus
1599 1627 1721 1715 maior,

343 1726 493 1800 Perseus
520 1725 681 1815 decanus,
705 1724 919 1800 Reinhardus
945 1728 1139 1819 prepositus
1164 1727 1247 1796 noui
1268 1729 1479 1814 monasterii,
1504 1723 1721 1798 Wernlnarus

344 1829 537 1920 prepositus
573 1829 682 1898 saneti
723 1824 907 1914 Johannis,
942 1825 1122 1896 Heinrieus
1156 1828 1351 1918 prepositus
1392 1824 1434 1896 de
1471 1822 1721 1918 Onoldespaoh,

343 1925 516 1996 Pertalius
561 1927 756 2020 prepositus
791 1934 909 1996 sancte
944 1921 1052 1996 Maria
1087 1928 1122 1996 in
1154 1923 1349 2016 Magantia,
1389 1922 1554 1998 Albertus
1591 1933 1722 2013 custos,

345 2021 540 2098 Gotelridus
554 2035 683 2113 cantor,
711 2023 887 2096 Conradus
906 2023 1120 2114 cellerarius,
1144 2023 1293 2096 Wezelo
1309 2027 1536 2119 portenarius,
1565 2021 1722 2117 Spiridus

345 2133 380 2194 et
406 2121 583 2198 Conradus
608 2124 797 2218 capellani,
829 2124 1042 2196 Hermannus
1077 2124 1119 2194 de
1144 2121 1435 2216 Kaznenelboge,
1468 2123 1641 2194 Dietrious
1679 2121 1722 2192 16

343 2220 560 2316 Bebenb'urg.
623 2223 736 2294 Laloi:
775 2223 995 2316 Marquardus
1013 2222 1072 2294 rde
1106 2221 1286 2294 Grunbach
1323 2231 1357 2294 et
1390 2219 1449 2292 filii
1486 2225 1547 2302 sui,
1571 2220 1650 2294 Otto
1687 2229 1722 2293 et

344 2320 518 2410 Allienus,
545 2320 769 2417 lllanegoldus
797 2333 832 2397 et
856 2322 945 2398 lilius
973 2344 1054 2396 suus
1080 2322 1305 2414 Manegoldus
1333 2322 1374 2394 de
1392 2319 1577 2408 Tunodori,
1601 2322 1721 2416 Boppo

345 2419 387 2494 de
413 2421 626 2510 Wertheim,
660 2423 825 2494 Albertus
862 2423 903 2494 de
930 2421 1115 2514 Tungede,
1152 2419 1327 2495 Conradus
1355 2419 1396 2492 de
1422 2419 1724 2510 chharteslreim,

343 2519 541 2614 Berngerus
569 2533 603 2592 et
628 2522 791 2596 Allrertus
819 2522 861 2594 de
884 2521 1045 2608 Binzlelt,
1069 2519 1249 2615 Billungus
1265 2519 1515 2610 vicedominus,
1541 2519 1721 2592 Heinricus

345 2631 380 2692 et
403 2619 581 2713 Billungus
609 2621 765 2712 sculteti,
801 2619 973 2693 Heroldus
997 2623 1224 2710 camerarius,
1249 2621 1384 2714 Iringus
1410 2625 1583 2715 pincerna.
1634 2621 1724 2704 Aeta

344 2741 433 2791 anno
447 2719 615 2793 dominioa
631 2724 874 2793 incarnationis
893 2719 952 2790 ΜΟ·
969 2717 1113 2810 cunti,
1139 2719 1324 2792 indictione
1343 2719 1440 2811 111⁸,
1467 2721 1722 2814 gloriosissimo

343 2819 573 2892 Romanorum
598 2823 805 2916 imperatore
830 2817 1018 2909 Friderico,
1043 2819 1209 2916 Boppono
1234 2819 1367 2893 urbano
1395 2825 1519 2893 comite
1537 2821 1722 2892 existente.

554 2979 593 3035 lin
615 2979 684 3035 libro
706 2977 791 3050 oopali
814 2977 984 3050 Bebenburg.

984 3269 1088 3344 CXV.
1207 3258 1209 3266 ¹

936 3423 1022 3488 Anno
1050 3417 1139 3488 1171.
1266 3417 1268 3422 ’

345 3577 516 3648 Heroldus
554 3569 844 3670 wirzeburgensis
883 3579 1053 3652 ecclesiae
1087 3585 1242 3654 minister
1274 3579 1490 3651 traditionem
1526 3577 1656 3674 praedii
1689 3581 1726 3652 in

346 3673 602 3768 Hargerslreim,
627 3672 668 3744 ab
694 3675 854 3751 llelnrioo
881 3683 1046 3752 canonico
1073 3703 1135 3776 per
1151 3703 1268 3753 manus
1286 3679 1427 3752 lratrum
1444 3701 1582 3750 suorum
1593 3677 1724 3750 With-

346 3775 445 3846 nandi
472 3783 506 3844 et
530 3771 754 3846 Erchenberti
781 3777 951 3850 ecclesiae
978 3791 1117 3852 sanotae
1143 3781 1273 3852 lllarlae
1299 3789 1333 3852 et
1362 3781 1471 3852 sancti
1496 3777 1633 3876 Kyliani
1660 3801 1723 3872 pro

621 3879 856 3950 anniversario
884 3877 1088 3952 celebrando
1117 3879 1233 3970 oblati,
1257 3875 1445 3952 confirmat.

448 4003 485 4076 Ο.
537 4005 575 4078 ln
607 4010 745 4079 nomina
779 4019 896 4100 saneto
928 4019 964 4080 et
988 4009 1156 4102 indiuiduo
1191 4013 1359 4082 trinitatis.
1411 4008 1642 4082 Heroldus
1669 4007 1726 4082 dei

347 4107 456 4197 gratia
497 4107 788 4201 wirzeburgensis
831 4107 980 4201 eeclesia
1026 4111 1181 4182 minister
1228 4109 1375 4184 humilis.
1444 4107 1526 4180 Cum
1575 4111 1724 4182 omnium
1777 4217 1780 4224 Ἴ
