3774 4728
359 457 429 528 tet
939 453 1156 528 llonumenta

355 654 537 728 rocbianas
565 655 703 726 maioris
729 651 881 726 ecclesie
905 651 1146 747 Billungus
1187 662 1221 724 at
1253 661 1496 728 antecessores
1531 654 1730 732 eiusdema

357 753 488 826 ciuibus
513 757 642 827 nostris
680 761 715 824 et
751 751 888 827 familiis
915 751 1122 844 eorundem,
1157 751 1436 847 quemadmodum
1470 756 1504 826 in
1537 755 1627 828 locis
1653 755 1729 828 aliis

358 863 412 927 est
437 864 638 929 consuetum
663 851 749 942 lieri,
775 853 933 928 missales
960 852 1121 926 denarios
1147 855 1244 926 annis
1272 851 1418 944 singulis
1443 865 1670 949 receperunt,
1694 857 1730 926 in

357 975 497 1048 quorum
523 956 747 1048 requisitione
783 951 916 1046 aliquos
954 951 996 1024 de
1023 952 1153 1028 ciuibus
1192 962 1332 1048 propter
1368 951 1614 1046 negligentiam
1651 953 1731 1025 ire*
1794 1009 1798 1016 .

361 1063 505 1147 quenter
531 1055 606 1126 siue
629 1056 873 1129 contumaciam
898 1055 1258 1126 excommunicationis
1295 1051 1431 1124 uinculo
1459 1057 1601 1147 contigit
1624 1056 1730 1132 inno·

359 1152 432 1224 dari
472 1162 507 1224 et
544 1156 619 1226 sine
654 1152 878 1224 absolutionis
918 1151 1084 1224 benedicio
1125 1151 1294 1224 decedere
1331 1173 1394 1246 per
1433 1151 1639 1230 obliuionem
1674 1153 1731 1226 uel

356 1255 594 1346 ignorantiam,
620 1263 676 1325 aut
702 1274 764 1348 per
802 1274 902 1325 casus
941 1253 1049 1342 alios,
1082 1255 1137 1346 qui
1164 1245 1283 1326 ‘solent
1305 1251 1500 1324 indiscretis
1526 1264 1562 1324 et
1587 1253 1730 1326 salutem

356 1375 452 1426 suam
476 1351 731 1446 negligentibus
758 1354 908 1424 euenire.
960 1353 1004 1424 Ut
1030 1361 1144 1424 autem
1174 1351 1227 1424 his
1261 1349 1359 1422 molis
1397 1355 1617 1424 resisteretur
1641 1375 1730 1448 pro-

357 1452 433 1524 uida
459 1462 495 1524 et
518 1452 720 1547 prudenter,
747 1460 781 1522 et
805 1455 894 1522 inter
919 1451 1178 1544 parrochianum
1214 1461 1249 1522 et
1288 1473 1515 1525 successores
1553 1455 1660 1548 ipsius
1697 1464 1730 1524 et

356 1563 422 1623 tam
450 1553 545 1625 ciues
572 1573 670 1646 pam
695 1553 846 1645 ipsorum
872 1561 1038 1646 posteros
1057 1549 1228 1622 discordie
1253 1549 1365 1622 fomes
1391 1559 1427 1622 et
1452 1551 1679 1626 dissensionis
1696 1555 1730 1624 in

354 1659 552 1746 perpetuum
577 1653 718 1722 materia
743 1650 946 1741 auferretur,
970 1651 1111 1746 prelatis
1139 1659 1174 1722 et
1199 1650 1294 1722 clero
1321 1649 1539 1724 suadentibus
1564 1651 1729 1746 nobisque

356 1749 579 1824 annuentibus
596 1759 650 1822 est
675 1759 847 1840 statutum,
872 1749 962 1844 quod
987 1753 1081 1823 ciues
1108 1761 1142 1822 et
1167 1750 1324 1845 populus,
1351 1753 1407 1844 qui
1432 1753 1622 1846 prouisioni
1646 1751 1728 1846 ple-

355 1849 434 1923 bani
460 1852 600 1923 maioris
639 1851 783 1920 attinere
819 1860 1032 1941 noscuntur,
1067 1849 1166 1922 liberi
1206 1849 1248 1920 ab
1288 1850 1479 1924 huiusmodi
1515 1849 1730 1924 denariorum

356 1949 543 2022 missalium
577 1949 812 2045 persolutione
838 1952 873 2020 in
898 1961 1188 2047 posterumesss
1214 1947 1337 2047 debent
1372 1960 1407 2021 et
1438 1973 1503 2024 nos
1530 1955 1730 2022 auctoritate

357 2048 553 2144 pontificali,
577 2072 642 2144 qna
668 2049 850 2142 iungimur,
876 2049 1017 2122 fratrum
1042 2061 1237 2124 nostrorum
1265 2052 1459 2122 coniuentia
1485 2060 1519 2120 et
1544 2073 1730 2141 consensu,

356 2148 478 2244 prelati
501 2149 708 2242 billungi
733 2147 947 2244 parrochiani
973 2152 1074 2222 etiam
1099 2151 1304 2240 interuentu,
1330 2153 1424 2244 ipsos
1453 2171 1635 2223 censemus
1650 2172 1731 2224 esse

358 2247 486 2322 liberos
520 2259 555 2321 et
586 2251 720 2344 penitus
759 2247 947 2324 absolutos.
1006 2247 1058 2322 Ne
1092 2259 1203 2322 autem
1241 2247 1350 2322 dictus
1383 2248 1548 2346 plebanus
1583 2249 1641 2322 uel
1679 2253 1731 2324 sui

356 2369 581 2422 successores
607 2349 718 2443 aliqua
743 2351 796 2420 sui
822 2348 979 2445 stipendii
1003 2352 1161 2444 portione
1185 2352 1361 2445 priuentur
1397 2361 1431 2422 et
1456 2351 1503 2422 ex
1527 2349 1591 2421 bac
1616 2360 1730 2422 muta-

356 2450 449 2522 tione
475 2448 694 2522 emolumenti
721 2448 813 2521 soliti
840 2447 1090 2522 diminutionem
1116 2453 1306 2526 sustineant
1343 2457 1400 2522 aut
1424 2452 1609 2537 iacturam,
1643 2472 1731 2546 pro-

357 2557 534 2628 curatores
558 2545 658 2622 buius
684 2551 835 2642 negocii,
861 2553 954 2622 ciues
980 2551 1102 2642 nostri,
1127 2568 1270 2646 quorum
1296 2552 1330 2620 in
1355 2547 1407 2622 bis
1431 2559 1466 2625 et
1490 2552 1524 2622 in
1540 2549 1616 2622 aliis
1630 2547 1730 2623 bonis

356 2645 485 2720 actibus
511 2647 688 2743 prudentia
714 2659 749 2721 et
759 2647 952 2722 sollicitudo
980 2659 1153 2746 apparent,
1179 2647 1220 2721 de
1237 2647 1436 2722 elemosinis
1449 2647 1574 2749 Christi
1583 2647 1731 2722 fidelium

357 2749 532 2840 octoginta
559 2757 594 2820 et
620 2759 699 2821 octo
726 2769 912 2822 marcarum
930 2753 1048 2842 precio
1061 2747 1181 2820 decem
1194 2751 1315 2842 iugera
1328 2751 1501 2832 uinearum
1529 2759 1564 2820 et
1589 2751 1759 2821 terciam·

355 2856 485 2940 partem
510 2849 608 2922 unius
633 2847 763 2942 ingeris
790 2859 1048 2946 compararunt,
1085 2871 1151 2943 que
1183 2851 1282 2941 uince
1315 2849 1351 2921 in
1377 2851 1731 2944 recompensationem

356 2944 571 3018 denariorum
603 2951 869 3043 prescriptorum
906 2947 1083 3042 sepedicto
1117 2947 1264 3045 plebano
1298 2958 1333 3020 et
1366 2951 1437 3022 suis
1471 2947 1731 3022 successoribus

355 3043 518 3120 decetero
545 3050 709 3138 seruient,
736 3057 771 3120 ct
795 3046 933 3122 adusns
950 3049 1103 3143 ipsorum
1119 3055 1372 3122 conuertentur.
1398 3047 1731 3128 Preiaturumautem

354 3145 532 3218 uinearum
557 3149 623 3220 sita
648 3156 726 3221 sunt
750 3149 814 3219 tria
838 3148 959 3241 iugera
991 3150 1026 3225 in
1052 3159 1167 3220 monte
1200 3146 1522 3240 Plrailenberc,
1554 3157 1589 3220 et
1623 3169 1732 3243 prope

354 3244 415 3317 illa
438 3267 540 3320 uuum
566 3249 666 3340 inger
705 3257 741 3320 et
765 3257 894 3341 ‹prrartax
917 3269 998 3342 pars
1031 3249 1162 3342 ingeris
1187 3251 1223 3320 in
1260 3257 1375 3320 monte
1410 3245 1732 3338 Schallreberc,

355 3355 477 3418 eontra
503 3349 648 3440 stiegam
672 3342 875 3442 Rinpure
910 3349 976 3422 tria
1009 3350 1132 3442 iugera
1164 3347 1306 3442 quartuli
1342 3348 1473 3438 minus,
1511 3345 1731 3420 Troiberr-

355 3444 541 3539 klingen
567 3456 685 3519 conda
711 3467 836 3518 nouum
861 3455 1011 3520 montem
1045 3450 1111 3520 tria
1145 3451 1267 3542 iugera
1291 3456 1326 3520 et
1351 3449 1458 3520 tercia
1482 3469 1563 3542 pars
1588 3449 1729 3542 ingeris.

357 3547 408 3620 Vt
433 3547 536 3638 igitur
560 3545 685 3618 iactum
710 3548 820 3642 ipsum
844 3557 1007 3645 perpetuo
1022 3546 1223 3622 firmitudine
1238 3545 1398 3642 gaudeat,
1423 3545 1465 3618 ad
1480 3551 1587 3642 ipsius
1602 3557 1731 3620 certam

354 3647 390 3715 in
416 3655 591 3740 posterum
616 3643 819 3718 euidentiam
843 3666 989 3741 presens
1015 3649 1230 3743 priuilegium
1240 3645 1411 3720 conscribi
1429 3657 1465 3718 et
1474 3649 1592 3740 sigillo
1609 3657 1731 3722 nostro

356 3753 391 3815 et
417 3742 569 3816 ecclesie
595 3754 630 3816 et
655 3745 772 3838 sigillo
799 3749 921 3820 ciuium
946 3758 1143 3822 nostrorum
1169 3749 1328 3822 iussimus
1354 3748 1523 3839 insigniri.

456 3843 600 3917 Testes:
628 3842 706 3918 Otto
732 3849 841 3920 maior
865 3851 1080 3944 prepositus,
1117 3849 1265 3922 Perseus
1292 3844 1463 3936 decanus,
1497 3846 1729 3920 Theodericus

356 3944 549 4037 prepositos
576 3943 618 4018 de
630 3943 769 4040 Herge,
792 3947 968 4022 Aruoldus
993 3949 1187 4043 prepositus
1213 3947 1256 4019 de
1271 3945 1525 4037 0noluesbocb,
1550 3945 1729 4035 Vakardus

357 4041 581 4136 cellerarios,
618 4043 753 4140 lringus
791 4057 929 4138 emtor,
967 4047 1171 4120 Gadeiridus
1211 4049 1405 4143 prepositus
1446 4045 1490 4118 de
1522 4045 1729 4134 llnlenberc,
