3836 4722
292 427 340 498 26
872 423 1090 500 llonumentn

295 625 551 698 Winitbero
579 625 713 698 scilicet
738 623 965 716 cancellario,
997 627 1214 700 Bernollo
1239 629 1438 724 preposito,
1464 626 1671 700 baelone

295 725 438 815 decano,
462 725 656 798 lluttone
683 724 941 816 archidiacono,
975 725 1249 798 Hoaecbone
1273 731 1449 823 preposito
1474 725 1670 816 uuerdensi,

293 821 515 898 Macelino
556 829 752 920 preposito,
791 825 986 896 Acelino
1022 830 1200 921 preposito
1236 827 1378 922 aliisque
1415 829 1504 898 sacri
1540 825 1671 898 ordinis

293 923 472 1015 iratribus,
497 923 752 997 Eberhardo
780 946 913 1019 qnoque
939 925 1085 1017 eeclesip
1111 926 1299 1022 domusque
1333 936 1449 1019 nostrq
1491 924 1677 1020 aduocato,

294 1023 529 1118 Hartwigo
568 1035 602 1097 et
632 1023 895 1098 Burcbardo
930 1023 1130 1115 comitibus,
1168 1025 1427 1116 (lamberto,
1459 1025 1611 1099 Ebone
1635 1036 1672 1098 et

292 1122 328 1196 Μ
338 1145 442 1195 arou
453 1124 588 1196 uardo
611 1123 768 1196 militibus
785 1127 840 1218 pie
854 1123 1121 1213 consulentibus,
1135 1129 1275 1222 insuper
1291 1127 1404 1200 multis
1425 1129 1671 1221 conprouinci-

294 1222 403 1296 alibus
417 1229 484 1296 um
503 1247 578 1296 cum
596 1224 692 1296 clero
710 1223 903 1318 familiaque
921 1223 1175 1298 adhortantibus
1194 1229 1451 1321 unanimemque
1466 1246 1673 1298 consensum

294 1321 511 1418 prebentibus
551 1326 692 1410 iustam,
738 1322 868 1393 firmam
914 1323 1138 1420 stabilemque
1180 1331 1367 1422 precarium
1412 1326 1555 1422 lecimus
1596 1345 1672 1396 oum

294 1422 417 1494 domna
441 1420 627 1495 Rlcbine
653 1419 866 1494 nobilissima
891 1433 1044 1495 matrona
1071 1435 1106 1496 et
1130 1425 1295 1518 religiosa
1309 1423 1530 1497 Bolaniorum
1551 1426 1673 1516 regina

293 1523 457 1596 Enoni's
482 1521 621 1617 palatini
648 1525 780 1594 comitis
806 1521 888 1612 filia,
914 1543 1038 1595 sorore
1062 1545 1148 1596 uero
1174 1525 1434 1598 llerimanni
1460 1523 1671 1596 coloniensis

295 1619 542 1716 archiepiscopi
569 1621 731 1716 ducisque
757 1619 933 1698 0ttonis
960 1623 1184 1695 allemannici.
1234 1623 1317 1720 ipsa
1343 1628 1432 1695 enim
1456 1634 1577 1695 nostro
1603 1621 1673 1694 do-

295 1721 423 1792 siderio
449 1719 606 1793 deuotam
633 1745 672 1793 se
700 1719 864 1794 exbibens
891 1722 1139 1817 multorurnqbe
1169 1725 1353 1819 petitiones
1380 1721 1500 1796 eadem
1526 1725 1675 1820 cupien-
1832 1806 1836 1814 .

255 1859 261 1872 ·
295 1824 375 1892 tium
414 1823 543 1892 nostris
583 1831 793 1918 postponens
834 1821 985 1916 predium
1024 1823 1184 1913 Salze,
1222 1823 1312 1918 quod
1351 1823 1555 1896 hereditario
1597 1825 1675 1893 iure

268 1917 459 2015 possedit,
486 1943 561 1992 cum
587 1921 742 1993 omnibus
768 1920 969 2020 utepsilibus
996 1921 1037 1992 ud
1066 1923 1208 1994 eandem
1234 1935 1363 1996 curtem
1396 1927 1461 1994 rite
1495 1925 1672 2017 aspicieu-

292 2019 381 2092 tibus
427 2019 544 2109 uillis,
594 2023 703 2111 uicis,
757 2023 932 2116 mancipiis
978 2025 1154 2116 utriusque
1187 2045 1308 2112 sexus,
1348 2026 1464 2106 areis,
1519 2020 1673 2114 edificiis,

293 2123 394 2192 terris
442 2119 540 2192 cultis
588 2131 622 2191 et
659 2121 815 2208 incultis,
857 2124 970 2213 agris,
1011 2124 1135 2215 pratis,
1178 2126 1325 2218 campis,
1366 2123 1484 2212 siluis,
1523 2124 1672 2218 pascuis,

292 2217 549 2310 uenationibus,
582 2219 724 2292 forestis
761 2231 796 2292 et
820 2219 1043 2309 lorestereia,
1077 2223 1172 2315 aquis
1207 2245 1433 2317 equarumque
1459 2219 1672 2308 decursibus,

293 2318 556 2414 piseationibus,
582 2319 808 2410 molendinis,
833 2323 898 2392 uiis
926 2329 960 2392 et
981 2323 1102 2409 inuiis,
1136 2321 1283 2395 exitibus
1310 2332 1345 2394 et
1369 2321 1550 2409 reditibus,
1590 2341 1673 2392 mo-

294 2417 416 2493 bilibus
452 2429 487 2490 et
519 2417 757 2510 inmobilibus,
778 2423 917 2516 quesitis
954 2430 988 2490 et
1021 2419 1229 2514 inquirendis
1264 2423 1460 2516 cunctisque
1494 2421 1570 2493 aliis
1604 2441 1671 2516 ap-

294 2519 479 2614 pendiciis,
538 2539 604 2613 que
649 2518 757 2590 adbuc
802 2517 867 2590 dici
919 2518 1136 2613 aliquomodo
1192 2519 1250 2592 uel
1304 2523 1471 2592 nominari
1515 2529 1672 2615 possunt,

294 2641 394 2690 manu
419 2621 556 2714 propria
591 2629 626 2692 et
649 2641 749 2690 mauu
775 2617 986 2692 fideiussoris
1014 2622 1066 2692 sui
1093 2618 1312 2692 Gonuuini
1338 2622 1471 2692 comitis
1498 2619 1540 2692 ad
1564 2618 1672 2690 altare

294 2721 402 2790 sancti
430 2715 622 2790 Saluatoris
649 2728 685 2789 et
710 2728 825 2809 sancte
850 2717 955 2808 lilariq
981 2719 1198 2813 preciosique
1224 2722 1384 2815 martyris
1410 2719 1546 2816 llyliani
1572 2721 1673 2792 soci-

295 2838 458 2912 orumque
484 2820 559 2890 eius
586 2815 713 2911 absque
741 2819 831 2889 omni
859 2817 1126 2890 contradicu'oue
1152 2817 1345 2892 firmissime
1379 2819 1572 2912 delegauit,
1600 2839 1672 2890 ex-

295 2921 402 3012 ceptis
443 2915 573 2990 duobus
610 2920 738 2989 mansis
777 2926 812 2988 et
850 2915 985 2988 dimidio
1024 2927 1059 2989 et
1091 2939 1157 2989 una
1190 2923 1290 2991 uinea
1333 2930 1368 2991 et
1398 2917 1504 2990 tribus
1536 2919 1672 2991 leminis

293 3015 439 3104 Berbda,
464 3013 690 3111 Hildegunda,
715 3015 905 3089 Adelbeida
931 3027 966 3087 et
979 3012 1055 3089 aliis
1070 3015 1146 3089 XX.
1162 3022 1350 3114 mancipiis,
1377 3017 1510 3093 scilicet
1523 3017 1673 3090 Weriu·

294 3115 378 3188 bero
404 3118 439 3188 iu
465 3115 665 3188 beneficium
691 3119 880 3189 concessis.
916 3114 1066 3188 Tradidit
1091 3139 1225 3213 quoque
1250 3121 1284 3190 in
1310 3118 1429 3190 eadem
1455 3115 1674 3212 delegatione

295 3215 422 3312 absque
447 3219 624 3311 precaria,
665 3215 727 3289 sed
759 3237 822 3312 pro
849 3215 960 3289 salute
986 3217 1095 3308 unimq
1121 3239 1181 3310 sup
1206 3217 1328 3290 XXVl.
1366 3221 1539 3314 utriusque
1566 3239 1673 3290 sexus

295 3317 487 3388 seruientes
527 3315 677 3390 salnensi
714 3315 839 3408 familie
875 3314 1020 3388 conubio
1059 3315 1180 3388 aliisue
1222 3341 1284 3412 pro
1320 3320 1432 3390 causis
1467 3320 1673 3404 associatos,

296 3434 436 3511 quorum
461 3419 598 3488 nomine
625 3417 814 3512 subscripta
844 3423 934 3504 suut,
972 3413 1090 3487 Gozzo
1117 3421 1251 3490 eteius
1278 3417 1378 3508 lilius,
1405 3417 1568 3504 Cbunina,
1591 3415 1674 3490 llil-

294 3515 420 3610 degunt
446 3518 587 3610 eiusque
612 3513 697 3608 lilii,
738 3502 893 3588 bdelricb
919 3539 994 3587 cum
1020 3537 1131 3588 uxore
1157 3527 1192 3588 et
1216 3515 1294 3590 filiis
1322 3520 1414 3606 suis,
1438 3517 1614 3590 Hadeuuie
1640 3525 1675 3588 et

294 3619 368 3689 eius
401 3615 481 3705 lilii,
519 3615 683 3709 Sigeuuin
717 3637 792 3687 curn
826 3613 959 3688 filiabus
993 3619 1083 3700 suis,
1126 3615 1307 3710 Sigeuuina
1348 3627 1383 3688 et
1407 3616 1525 3706 llilda,
1565 3615 1675 3703 Saxo,

293 3715 500 3805 Adalbrabt,
526 3715 641 3812 Gepa,
681 3715 835 3810 Liutgart
869 3727 904 3788 et
936 3719 1011 3788 eius
1045 3713 1104 3788 lilii
1130 3717 1254 3806 Wiuo,
1280 3715 1478 3810 sigebodo,
1503 3716 1673 3790 Liebcstn.

294 3815 457 3888 l’raterea
496 3815 638 3888 uolente
674 3827 709 3888 et
743 3819 844 3888 etiarn
887 3815 1023 3888 iubente
1058 3815 1177 3888 eadam
1211 3816 1346 3888 domina
1371 3820 1560 3889 iuramento
1589 3837 1675 3888 ser-

295 3918 418 3988 uientis
457 3918 510 3988 sui
543 3915 693 3990 Saxonis
720 3915 951 3988 confirmatum
977 3925 1052 4005 est,
1088 3915 1150 3990 aad
1183 3914 1325 3989 eandam
1358 3915 1572 3989 traditionem
1607 3937 1678 3990 aa·

292 4013 437 4088 eundum
449 4023 602 4088 manem
617 4016 827 4090 uoluntatem
846 4015 1093 4110 consiliumque
1106 4027 1304 4092 neumarum
1317 4014 1466 4090 bdelium
1480 4014 1694 4094 ammoto
