3776 4730
604 475 821 583 episcopatus
847 467 1144 578 wirziburgensis.

801 919 971 995 GDXXX.

594 1106 684 1174 Anno
712 1103 813 1186 1279„
837 1105 889 1169 25.
910 1105 990 1185 Hali,
1012 1106 1175 1189 llerblpoli.

194 1287 400 1371 Barthnldus
429 1293 684 1389 herbipolensis
712 1285 895 1390 episeopus
924 1293 1049 1366 silvam
1075 1295 1173 1364 sitam
1199 1313 1302 1390 super·
1328 1289 1444 1365 uillam
1461 1291 1584 1366 Stein-

194 1394 329 1467 lanhen.
355 1417 453 1488 quam
479 1392 677 1471 Hertnidus.
703 1397 791 1466 civis
818 1398 851 1466 in
879 1392 1093 1486 llutenhurg.
1119 1391 1483 1488 apraedeuessoribus
1511 1393 1583 1465 suls

195 1506 230 1568 et
256 1518 273 1564 a
301 1518 341 1568 se
369 1499 402 1568 in
429 1494 533 1568 leode
561 1493 725 1567 habuerat
751 1505 786 1565 et
812 1492 970 1567 iratribus
1007 1494 1127 1566 domus
1153 1491 1333 1589 hospitans
1361 1517 1390 1566 s.
1417 1493 1583 1566 lobannis

229 1593 517 1669 iherosolimitani
545 1598 579 1666 in
606 1592 808 1686 llotenburg
835 1593 1048 1668 vendidsrtt.
1074 1592 1186 1665 tidem
1213 1593 1325 1666 domui
1353 1595 1557 1692 appropriet.

291 1793 575 1866 Bartholdus
611 1790 664 1864 dei
701 1797 817 1886 grania
852 1791 1105 1888 herbipolensis
1140 1797 1332 1890 episcopus.
1391 1793 1514 1868 Notatur
1538 1797 1584 1869 stt

194 1896 367 1966 uniuersis
405 1905 471 1966 tam
508 1891 724 1988 presentibus
760 1915 858 1987 quam
893 1893 1034 1980 luturis,
1069 1892 1179 1988 quud,
1218 1917 1292 1966 oum
1320 1893 1426 1968 irater
1451 1894 1582 1966 Hart-

194 2015 377 2066 mannus
406 1993 651 2067 commendator
678 2004 713 2064 et
738 1993 862 2066 fratres
891 1993 1010 2064 domus
1038 1992 1294 2090 hospitalis
1322 1998 1477 2067 saneti
1504 1995 1582 2066 ln-

194 2093 359 2166 hannis
385 2091 787 2188 lherosolimitani
814 2099 848 2171 in
875 2091 1145 2186 blotenhurg
1171 2093 1464 2184 abhortatur,
1492 2095 1582 2168 laico

195 2197 270 2266 elue
303 2197 336 2265 in
371 2193 657 2286 bauenberg,
694 2194 813 2266 siluam
850 2198 948 2265 sitam
975 2216 1079 2288 super
1120 2194 1237 2266 villam
1266 2194 1583 2284 Steinlaehem

195 2297 384 2366 estimabam
411 2294 452 2366 ad
479 2305 612 2366 eentum
640 2317 760 2386 agrpsr
785 2317 849 2388 qua
877 2294 965 2376 idem
988 2293 1238 2374 Hertnidus
1267 2318 1286 2366 a
1313 2294 1580 2415 predecessori-

195 2394 258 2468 bus
285 2397 413 2466 nostris
440 2405 475 2466 et
502 2417 520 2464 a
547 2393 645 2466 uobis
674 2393 864 2466 infeodatos
885 2393 1005 2480 luerat
1026 2415 1087 2487 pro
1106 2397 1222 2488 precio
1241 2393 1461 2490 quadraginta
1478 2399 1582 2490 quin-

186 2517 261 2593 ¹que
295 2493 458 2570 librarum
489 2493 693 2578 hallensium
728 2503 952 2591 comparesset
986 2491 1027 2592 qd
1062 2515 1159 2566 usum
1192 2505 1229 2565 at
1249 2493 1429 2567 'ntihtntotn
1457 2495 1578 2568 dunos

197 2617 272 2682 sue,
300 2605 336 2666 ut
363 2593 573 2711 infirmorum
597 2605 632 2666 et
658 2593 840 2692 debilium
866 2611 1007 2687 quantun
1035 2595 1068 2664 iu
1096 2591 1255 2690 hospitali
1281 2594 1435 2666 eiusdem
1460 2595 1582 2669 tonus

195 2693 1071 2910 ttulit„ttthtttttlbtttltttt
1106 2692 1229 2866 dli?
1240 2695 1581 2891 difflui*

197 2905 328 2992 nerunt,
355 2902 392 2986 pt
417 2894 667 2984 uendieinnern.
693 2917 791 2988 quam
818 2894 927 2968 dietus
955 2895 1040 2968 uluis
1057 2893 1129 2968 de
1121 2917 1194 3012 ipsa
1218 2895 1303 2966 silua
1321 2894 1464 2984 noant
1492 2918 1580 2990 gra·-

197 3007 310 3169 dm
299 3007 333 3068 et
366 3006 471 3070 ratam
506 2993 632 3082 hahere
665 3006 700 3073 et
734 2993 878 3068 eandem
906 2993 1028 3066 siluam
1054 2993 1171 3068 dare
1160 3007 1195 3067 ιι
1220 2998 1464 3092 proprietatem
1492 2996 1582 3068 diota

221 3100 312 3192 omui
338 3099 488 3170 raritatis
514 3093 678 3169 uidelicet
704 3097 946 3190 omnipotentis
973 3093 1049 3180 dei
1076 3099 1135 3189 pri
1159 3093 1325 3168 bomanel
1352 3107 1407 3168 est
1433 3100 1582 3170 omnium

198 3174 396 3286 retributor
425 3197 540 3267 intuitu
568 3195 797 3288 dignaremur.
850 3193 936 3272 Noe
951 3195 1076 3287 traque
1103 3217 1177 3266 cum
1206 3199 1312 3291 ipsius
1339 3196 1427 3268 silue
1454 3200 1581 3294 emptio
1690 3197 1698 3216 ‘

199 3293 287 3366 laeta
323 3295 365 3367 ad
402 3295 579 3366 utilitatem
616 3294 736 3366 domus
769 3307 803 3366 et
829 3294 870 3366 ad
897 3291 1103 3365 infirmorum
1130 3305 1166 3366 et
1191 3295 1350 3368 debilium
1378 3297 1608 3369 eonmndum

197 3393 366 3485 uideatur,
393 3395 435 3468 ad
460 3397 663 3491 peticionem
692 3397 841 3490 peruium
863 3392 1116 3482 ιιιιιίοἰοιιιιι
1143 3403 1253 3489 duam·
1259 3399 1466 3472 hendmtns
1495 3400 1581 3470 ciuis

199 3496 242 3586 de
276 3519 331 3578 ea
351 3494 452 3586 lecit
485 3506 616 3589 gratam
651 3506 685 3606 ιιι
717 3507 825 3571 ratam
849 3486 1026 3611 habeptee.
1053 3505 1196 3590 rooaptn
1217 3502 1360 3592 priunum
1385 3495 1429 3568 ob
1457 3497 1579 3570 eodem

201 3597 276 3692 ciue
302 3596 476 3691 sepedicta
503 3596 601 3683 silua,
629 3587 728 3691 quam
752 3597 881 3671 nestris
909 3591 1062 3668 manibus
1089 3597 1292 3689 rosignauiu
1319 3616 1393 3667 ean
1416 3597 1579 3693 sepotaus

201 3683 456 3794 adunandorum
483 3707 517 3770 et
542 3699 615 3771 suls
642 3693 869 3771 eoobatribus
895 3713 936 3768 ae
962 3709 1080 3770 oerum
1107 3696 1221 3768 domui
1247 3695 1455 3790 hospitalis
1447 3721 1478 3768 ιιι
1493 3698 1579 3770 llo·-

200 3795 403 3896 lpuburg
435 3795 553 3883 damus
586 3806 623 3868 et
656 3795 816 3868 tradimus
850 3816 891 3912 ιι
916 3797 953 3867 in
976 3797 1086 3888 ipsam
1111 3795 1247 3869 domun
1270 3801 1423 3892 ιιιιιιιιί
1440 3800 1580 3893 scripto

200 3881 436 3995 ιιιιιιῐιιίιιιιιι
460 3895 598 3990 plenu'
590 3918 663 3984 rpre
689 3878 907 3990 proprietatis
934 3905 1108 4014 perpntpu
1114 3895 1366 4016 ppssidandnu
1394 3907 1431 3968 ut
1457 3897 1578 3970 ihdetn

201 3976 487 4094 predecessorum
507 4005 707 4086 postrorum
734 4007 771 4068 et
778 4007 906 4078 nostru
932 3998 1129 4074 menonis
1119 4019 1152 4068 tn
1177 4007 1378 4091 perpetum
1404 3997 1578 4071 lrulredtna.

202 4095 248 4183 Yt
281 4107 392 4171 autent
425 4095 632 4184 manustra
658 4095 802 4170 tonario
830 4094 984 4176 omnbus
1010 4095 1167 4192 potebat
1191 4109 1407 4191 presentem
1421 4097 1577 4196 μιιιιιιιιι
