3768 4728
274 319 346 444 526
857 361 1073 439 Monumcnia

273 587 420 651 cessero,
443 572 603 652 episcopus
627 563 706 632 dicte
729 563 869 648 ecclesie,
893 571 943 648 qui
965 583 1020 648 pro
1043 570 1177 648 tempore
1199 564 1307 645 merit,
1338 567 1416 628 omni
1444 561 1657 648 impedimento

273 655 390 726 sublato
413 655 532 738 plenum
550 653 602 740 jus
624 647 750 732 habeut,
782 652 852 715 inihi
882 657 913 715 in
946 656 1097 736 integrum
1120 649 1320 732 succedendi,
1354 651 1438 714 salim
1468 646 1656 728 cardeam,

272 759 361 826 quam
383 739 563 833 godinge
585 739 721 821 appello,
751 733 790 800 tio
813 745 913 802 oasim
935 737 1160 802 Lihtenowo
1183 743 1214 800 ει
1245 745 1363 802 centum
1387 737 1528 802 iurarunt
1548 733 1656 801 reddi-

269 830 351 893 tibus
371 821 630 909 mnenhmgensis
651 831 790 902 monete,
813 824 891 893 lucta
911 844 930 890 a
953 844 1001 890 me
1019 841 1077 905 per
1099 838 1203 890 mouns
1225 823 1351 905 predicti
1372 821 1484 893 murm
1505 825 1566 884 mei
1587 825 1657 904 opi-

268 919 357 997 saopi
380 917 466 978 uxori
490 926 558 976 mec
580 909 699 974 domine
715 909 961 996 cunegundi,
985 928 1041 992 quc
1064 916 1089 976 si
1104 916 1294 992 premortuus
1310 909 1408 989 sucro,
1432 903 1657 977 coronidem

263 1007 304 1064 ai
324 998 475 1084 predictos
499 996 522 1058 C
544 996 686 1070 librarum
708 994 841 1062 redditus
865 1002 967 1078 quiete
977 995 1153 1080 possidebit,
1175 995 1273 1060 donec
1296 995 1332 1058 ab
1356 1014 1392 1060 ea
1413 995 1464 1058 uel
1483 997 1547 1074 spis
1561 992 1656 1058 herc-

272 1084 359 1149 dibus
382 1088 535 1148 sexcentis
559 1087 666 1145 marcis
690 1087 807 1166 argenti
829 1102 883 1165 per
906 1079 1186 1146 dictamechesiam
1202 1081 1438 1163 ueleptscopum
1453 1079 1656 1143 absoluantur.

273 1171 305 1243 Si
326 1187 400 1234 roro
423 1187 473 1234 me
494 1173 656 1251 superstite
676 1174 743 1252 ipsa
767 1175 865 1238 carnls
889 1169 1020 1232 debiturn
1042 1170 1178 1248 soluerit,
1199 1175 1269 1236 tunc
1283 1166 1494 1250 utprediclum
1510 1172 1567 1247 esi,
1589 1170 1657 1229 stne

273 1262 354 1322 omni
377 1259 535 1337 questione
558 1258 767 1336 repensionis
792 1273 885 1317 onere
914 1262 982 1337 post
1012 1261 1138 1318 mortem
1173 1273 1268 1316 ineam
1300 1254 1432 1317 ecclesia
1465 1249 1557 1314 heres
1591 1257 1655 1318 erit.

238 1419 239 1423 Ἰ
273 1343 369 1406 Ptolis
391 1350 490 1405 autem
511 1345 689 1422 posteritate
715 1341 897 1404 sccundaius
921 1339 1085 1421 oduuino,
1107 1345 1132 1402 si
1148 1339 1225 1404 lilius
1242 1338 1332 1403 luerit
1347 1357 1394 1402 me
1410 1345 1527 1402 mortuo
1542 1355 1655 1419 super-

272 1433 388 1506 vivcnS,
412 1446 479 1490 cum
502 1425 539 1488 ad
561 1444 656 1488 annos
681 1425 870 1490 discretionis
893 1431 1073 1509 peruenerit,
1096 1432 1123 1489 vi
1147 1425 1261 1488 cuichii
1291 1430 1317 1488 si
1340 1422 1409 1506 quid
1429 1427 1506 1508 juris
1528 1428 1559 1486 in
1580 1442 1656 1506 pro·

273 1518 429 1578 nominatis
462 1511 548 1574 bonis
572 1512 703 1573 ecclesie
727 1520 774 1573 est
796 1513 951 1575 irrmatum.
997 1512 1028 1576 St
1056 1531 1130 1576 voro
1161 1511 1240 1591 lilia,
1269 1509 1347 1573 idem
1376 1515 1423 1572 ius
1452 1517 1656 1590 consequetur

273 1606 384 1663 tantum
406 1617 463 1680 pro
483 1615 519 1660 se
541 1604 572 1658 ει
593 1602 657 1659 suis
680 1597 792 1676 litteris,
816 1599 924 1680 quitus
942 1603 1107 1682 episcopus
1131 1617 1167 1662 ea
1190 1594 1335 1675 coarteret,
1357 1614 1415 1658 non
1437 1601 1471 1657 ut
1493 1613 1528 1658 ea
1552 1596 1657 1678 legare

272 1683 321 1749 vel
345 1685 478 1747 adenona
501 1682 536 1746 ab
555 1683 686 1745 ecclesia
709 1683 773 1744 uiiis
795 1687 910 1763 possint
931 1690 1032 1764 proter
1055 1700 1127 1747 suos
1150 1684 1277 1764 liberos,
1312 1682 1418 1764 quibus
1441 1682 1656 1748 decedentibus

273 1776 339 1834 sinc
361 1769 463 1834 liberis
487 1773 531 1831 eis
555 1767 700 1831 succedet
722 1769 852 1841 ecclesia
875 1775 952 1832 sicut
967 1769 1053 1845 mihi3
1076 1769 1214 1836 dominus
1237 1775 1325 1833 etiarn
1348 1773 1508 1851 episcopus
1530 1769 1569 1832 de
1589 1774 1656 1851 ipso

273 1855 365 1919 leode
388 1872 457 1918 meo
478 1873 537 1917 una
560 1872 627 1917 cum
649 1853 778 1936 capitulo
801 1871 857 1918 suo
878 1860 908 1918 in
929 1859 1141 1936 proprietatem
1164 1855 1246 1919 dedit
1268 1855 1336 1917 milri
1352 1852 1486 1918 redditus
1498 1853 1657 1920 duodecim

226 1988 229 1995 -
274 1939 414 2007 librarum
436 1945 467 2006 in
490 1939 567 2002 villis
588 1939 819 2007 Dorendori
838 1949 868 2003 et
889 1940 1161 2024 Wenegesiai,
1184 1957 1260 2022 quos
1283 1945 1395 2022 possim
1417 1959 1473 2020 pro
1494 1946 1656 2004 animarum

273 2025 408 2092 sennodio
430 2025 583 2110 religiosis
615 2024 692 2087 inira
715 2024 956 2108 herbipolensem
979 2026 1122 2089 diocesim
1157 2027 1287 2109 elargiri
1331 2025 1459 2108 Insuper
1487 2025 1527 2088 de
1559 2024 1687 2109 eliqua.

272 2119 358 2196 parte
380 2117 511 2179 nemoris
524 2117 605 2174 circa
621 2109 850 2191 Onolslrectr,
874 2111 921 2174 vlii
937 2117 1040 2176 ‘minus
1056 2111 1249 2194 dampnosum
1265 2110 1423 2190 uidebitur,
1440 2111 1575 2179 domium
1587 2117 1656 2196 epi·-

274 2215 386 2280 seopus
409 2197 532 2264 contulit
551 2215 611 2266 soa
633 2212 768 2278 mansos,
798 2215 857 2264 non
888 2201 939 2280 qui
961 2196 1097 2262 dicuntur
1119 2196 1314 2264 walthube
1336 2204 1384 2260 set
1406 2201 1554 2278 minores,
1590 2217 1656 2264 cum

272 2286 397 2350 decimis
419 2281 593 2360 eorundem,
616 2281 704 2346 michi
724 2288 758 2348 in
773 2283 904 2364 leoduni,
928 2287 977 2364 qut
993 2301 1060 2346 curn
1074 2283 1140 2348 ullis
1154 2283 1241 2351 bonis
1257 2287 1477 2364 suprascriptis,
1500 2291 1532 2348 ui
1546 2285 1657 2348 dicaam

274 2377 331 2450 ost,
354 2371 390 2434 ad
414 2369 574 2433 ecclesiam
596 2375 796 2442 reuertentem.
840 2366 982 2434 Pretcrea
1005 2373 1030 2430 si
1054 2367 1191 2432 dominus
1208 2374 1367 2452 episcopus
1383 2373 1412 2431 in
1426 2387 1506 2453 pego
1520 2373 1656 2434 onols-

273 2459 429 2521 trecensi
461 2459 661 2518 municionem
696 2463 887 2536 quocumque
919 2452 1008 2516 modo
1041 2451 1198 2534 hahuerit,
1231 2455 1341 2519 nulium
1371 2461 1402 2518 tn
1434 2473 1471 2519 ea
1504 2455 1543 2520 de
1577 2465 1657 2522 terre

271 2542 433 2611 barordbus
455 2547 639 2605 cestrensem
661 2540 788 2620 locedii,
817 2541 890 2610 uiild
921 2540 1026 2622 opibus
1062 2548 1093 2604 ει
1121 2542 1234 2606 viribus
1263 2542 1476 2623 prevalentem.
1521 2542 1657 2618 Quodsi

283 2635 375 2710 ¹ceter
398 2646 434 2692 ea
455 2625 548 2706 bone,
572 2643 632 2708 que
658 2630 688 2689 in
709 2633 934 2710 presenciarum
955 2623 1099 2708 possideo
1122 2623 1539 2710 quocunqde'acquisictouis
1561 2629 1656 2711 titulo,

271 2650 696 2793 laurissensem
721 2714 851 2778 ecclesie
881 2712 1014 2776 habuero
1038 2711 1193 2793 ammodo,
1217 2713 1352 2776 deminus
1375 2731 1461 2778 meus
1495 2719 1657 2798 episcopus

273 2821 310 2865 ea
332 2796 470 2864 eoalmel
491 2795 656 2864 secundum
680 2797 760 2880 quod
792 2817 847 2884 per
877 2816 926 2860 me
953 2797 1044 2860 fuerit
1075 2799 1262 2880 postulaurm.
1304 2795 1342 2860 vr
1370 2803 1472 2884 ltaque
1500 2799 1557 2865 lieo
1589 2821 1657 2868 mea

273 2887 392 2971 legacio
415 2891 445 2948 et
469 2885 639 2969 assignacio
672 2891 773 2966 puteat
803 2888 972 2964 uniuersis,
1002 2900 1131 2966 presens
1164 2889 1305 2966 scriptum
1335 2883 1403 2948 dedi
1436 2883 1556 2952 domino
1588 2905 1656 2954 mco

273 2992 292 3036 e
312 2977 417 3050 iscopo
441 2975 471 3036 ει
492 2969 624 3035 ecclesie
647 2986 703 3034 sue
725 2969 848 3036 firmiter
864 2975 1083 3034 communitum.
1108 2965 1234 3033 Testes:
1263 2969 1459 3054 marquardus
1475 2979 1656 3056 prepositus,

300 3054 444 3134 otelrtdus
467 3054 609 3134 decanus,
628 3051 801 3122 Frlderious
824 3063 936 3134 cantor,
958 3056 1110 3120 Arnoidus
1130 3057 1309 3120 scolasticus
1333 3066 1363 3120 et
1378 3067 1490 3140 custos,
1512 3061 1656 3126 Alterius

274 3141 470 3222 cellerarius,
502 3135 693 3206 Burcherdus
716 3139 754 3206 de
775 3141 969 3226 Ebersberg,
999 3139 1155 3206 Cunradus
1186 3141 1225 3206 de
1251 3141 1436 3230 Luterberg,
1468 3145 1587 3232 iringus
1617 3146 1656 3211 de

272 3225 485 3317 Holieuileurp,
514 3225 658 3292 sibertus
689 3227 727 3291 de
751 3227 944 3306 Griudeluch,
978 3232 1098 3290 maioris
1130 3225 1262 3292 ecclesie
1284 3235 1438 3308 canonici3
1468 3231 1656 3297 Hermanuus

272 3311 486 3393 demensus
512 3315 583 3376 'lor
605 3309 798 3378 Eberhardus
821 3314 1015 3393 scolasticus,
1041 3313 1229 3377 Wernherus
1253 3321 1395 3398 scriptor,
1422 3323 1557 3384 canonici
1584 3325 1657 3384 noui

272 3403 462 3478 monmierii,
519 3401 648 3462 einricus
670 3403 804 3466 notarius
828 3403 991 3464 canonicus
1021 3399 1245 3464 onolsbecensis
1275 3407 1305 3463 ει
1337 3403 1385 3466 eiii
1421 3420 1509 3484 quum
1541 3405 1654 3488 plures.

271 3485 380 3552 Actum
402 3483 555 3566 Herbipoli
578 3501 655 3547 anno
679 3483 788 3550 domini
809 3483 857 3550 dli
882 3483 949 3547 00⁰·
972 3483 1082 3566 xiiii,
1105 3483 1164 3548 iiii.
1189 3502 1283 3549 nonas
1305 3487 1394 3569 Junit,
1416 3489 1578 3554 indictione
1595 3489 1655 3555 itti.

484 3652 621 3740 Sigillum
642 3651 759 3720 Budelli
782 3653 917 3720 advocmi
939 3651 977 3718 de
997 3655 1160 3742 Dornhcrg
1181 3657 1338 3742 appendet.

483 3755 601 3822 summ
622 3761 653 3822 in
675 3755 796 3844 Slumpl
813 3759 917 3826 tristor.
940 3757 1052 3826 ircim
1074 3757 1121 3824 sdr
1143 3759 1282 3828 Frunkeu
1303 3761 1325 3830 i.
1348 3783 1376 3848 p.
1402 3759 1472 3832 iii.
1494 3765 1544 3836 itr.
1567 3767 1591 3832 l.
