<?xml version="1.0" encoding="UTF-8"?>
<!DOCTYPE html PUBLIC "-//W3C//DTD XHTML 1.0 Transitional//EN"
    "http://www.w3.org/TR/xhtml1/DTD/xhtml1-transitional.dtd">
<html xmlns="http://www.w3.org/1999/xhtml" xml:lang="en" lang="en">
 <head>
  <title>
</title>
<meta http-equiv="Content-Type" content="text/html;charset=utf-8" />
  <meta name='ocr-system' content='tesseract 3.04.00' />
  <meta name='ocr-capabilities' content='ocr_page ocr_carea ocr_par ocr_line ocrx_word'/>
</head>
<body>
  <div class='ocr_page' id='page_1' title='image "./monumentaboica00karagoog_0563.png"; bbox 0 0 3838 4728; ppageno 0'>
   <div class='ocr_carea' id='block_1_1' title="bbox 615 426 1577 522">
    <p class='ocr_par' dir='ltr' id='par_1_1' title="bbox 615 426 1577 522">
     <span class='ocr_line' id='line_1_1' title="bbox 615 426 1577 522; baseline 0.001 -25"><span class='ocrx_word' id='word_1_1' title='bbox 615 427 833 522; x_wconf 75' lang='lat' dir='ltr'><strong>episcopatus</strong></span> <span class='ocrx_word' id='word_1_2' title='bbox 862 426 1155 520; x_wconf 81' lang='lat' dir='ltr'>wirniburgensis.</span> <span class='ocrx_word' id='word_1_3' title='bbox 1509 427 1577 500; x_wconf 83' lang='lat'>551</span> 
     </span>
    </p>
   </div>
   <div class='ocr_carea' id='block_1_2' title="bbox 143 623 1582 1815">
    <p class='ocr_par' dir='ltr' id='par_1_2' title="bbox 143 623 1582 1815">
     <span class='ocr_line' id='line_1_2' title="bbox 143 623 1582 720; baseline -0.002 -21"><span class='ocrx_word' id='word_1_4' title='bbox 143 679 146 686; x_wconf 20' lang='grc' dir='ltr'>λ</span> <span class='ocrx_word' id='word_1_5' title='bbox 195 625 380 716; x_wconf 89' lang='lat' dir='ltr'>dictorum,</span> <span class='ocrx_word' id='word_1_6' title='bbox 407 625 498 720; x_wconf 92' lang='lat' dir='ltr'>quod</span> <span class='ocrx_word' id='word_1_7' title='bbox 522 625 630 716; x_wconf 86' lang='lat' dir='ltr'>absit,</span> <span class='ocrx_word' id='word_1_8' title='bbox 659 623 866 698; x_wconf 89' lang='lat' dir='ltr'>oblationem</span> <span class='ocrx_word' id='word_1_9' title='bbox 904 629 979 698; x_wconf 89' lang='lat' dir='ltr'>siue</span> <span class='ocrx_word' id='word_1_10' title='bbox 1020 625 1214 700; x_wconf 88' lang='lat' dir='ltr'>oblationes</span> <span class='ocrx_word' id='word_1_11' title='bbox 1254 649 1334 700; x_wconf 91' lang='lat' dir='ltr'>suas</span> <span class='ocrx_word' id='word_1_12' title='bbox 1371 627 1582 716; x_wconf 78' lang='lat' dir='ltr'>distraxerit,</span> 
     </span>
     <span class='ocr_line' id='line_1_3' title="bbox 195 725 1582 822; baseline -0.001 -22"><span class='ocrx_word' id='word_1_13' title='bbox 195 727 396 800; x_wconf 87' lang='lat' dir='ltr'>alienauerit</span> <span class='ocrx_word' id='word_1_14' title='bbox 422 736 478 798; x_wconf 90' lang='lat' dir='ltr'>aut</span> <span class='ocrx_word' id='word_1_15' title='bbox 505 725 722 818; x_wconf 84' lang='lat' dir='ltr'>obligauerit,</span> <span class='ocrx_word' id='word_1_16' title='bbox 750 729 808 815; x_wconf 88' lang='lat' dir='ltr'>itu,</span> <span class='ocrx_word' id='word_1_17' title='bbox 835 726 925 821; x_wconf 87' lang='lat' dir='ltr'>quod</span> <span class='ocrx_word' id='word_1_18' title='bbox 951 747 1016 799; x_wconf 90' lang='lat' dir='ltr'>nos</span> <span class='ocrx_word' id='word_1_19' title='bbox 1044 727 1198 816; x_wconf 90' lang='lat' dir='ltr'>lruotus,</span> <span class='ocrx_word' id='word_1_20' title='bbox 1223 736 1260 798; x_wconf 93' lang='lat' dir='ltr'>vt</span> <span class='ocrx_word' id='word_1_21' title='bbox 1285 731 1489 822; x_wconf 89' lang='lat' dir='ltr'>premissum</span> <span class='ocrx_word' id='word_1_22' title='bbox 1516 736 1582 816; x_wconf 91' lang='lat' dir='ltr'>est,</span> 
     </span>
     <span class='ocr_line' id='line_1_4' title="bbox 195 825 1582 923; baseline -0.001 -24"><span class='ocrx_word' id='word_1_23' title='bbox 195 831 374 923; x_wconf 81' lang='lat' dir='ltr'>percipere</span> <span class='ocrx_word' id='word_1_24' title='bbox 399 849 468 898; x_wconf 90' lang='lat' dir='ltr'>non</span> <span class='ocrx_word' id='word_1_25' title='bbox 495 829 682 920; x_wconf 89' lang='lat' dir='ltr'>possimus,</span> <span class='ocrx_word' id='word_1_26' title='bbox 712 825 832 920; x_wconf 89' lang='lat' dir='ltr'>elapso</span> <span class='ocrx_word' id='word_1_27' title='bbox 860 829 1019 915; x_wconf 91' lang='lat' dir='ltr'>termino,</span> <span class='ocrx_word' id='word_1_28' title='bbox 1046 829 1102 920; x_wconf 85' lang='lat' dir='ltr'>qui</span> <span class='ocrx_word' id='word_1_29' title='bbox 1129 827 1171 898; x_wconf 92' lang='lat' dir='ltr'>de</span> <span class='ocrx_word' id='word_1_30' title='bbox 1189 827 1355 900; x_wconf 83' lang='lat' dir='ltr'>fructibus</span> <span class='ocrx_word' id='word_1_31' title='bbox 1374 827 1582 899; x_wconf 76' lang='lat' dir='ltr'>oblationum</span> 
     </span>
     <span class='ocr_line' id='line_1_5' title="bbox 195 925 1581 1022; baseline -0.001 -24"><span class='ocrx_word' id='word_1_32' title='bbox 195 951 214 998; x_wconf 92' lang='lat' dir='ltr'>a</span> <span class='ocrx_word' id='word_1_33' title='bbox 240 927 339 1000; x_wconf 91' lang='lat' dir='ltr'>nobis</span> <span class='ocrx_word' id='word_1_34' title='bbox 366 925 594 1022; x_wconf 83' lang='lat' dir='ltr'>percipiendis</span> <span class='ocrx_word' id='word_1_35' title='bbox 611 929 768 1020; x_wconf 90' lang='lat' dir='ltr'>superius</span> <span class='ocrx_word' id='word_1_36' title='bbox 795 936 850 998; x_wconf 90' lang='lat' dir='ltr'>est</span> <span class='ocrx_word' id='word_1_37' title='bbox 867 925 1148 1021; x_wconf 87' lang='lat' dir='ltr'>comprehensus,</span> <span class='ocrx_word' id='word_1_38' title='bbox 1177 928 1286 1001; x_wconf 89' lang='lat' dir='ltr'>salvis</span> <span class='ocrx_word' id='word_1_39' title='bbox 1304 931 1402 1022; x_wconf 93' lang='lat' dir='ltr'>penis</span> <span class='ocrx_word' id='word_1_40' title='bbox 1422 929 1581 1020; x_wconf 87' lang='lat' dir='ltr'>superius</span> 
     </span>
     <span class='ocr_line' id='line_1_6' title="bbox 196 1026 1582 1122; baseline 0.001 -24"><span class='ocrx_word' id='word_1_41' title='bbox 196 1031 374 1121; x_wconf 84' lang='lat' dir='ltr'>expressis</span> <span class='ocrx_word' id='word_1_42' title='bbox 401 1049 421 1098; x_wconf 90' lang='lat' dir='ltr'>a</span> <span class='ocrx_word' id='word_1_43' title='bbox 446 1048 538 1098; x_wconf 83' lang='lat' dir='ltr'>voce</span> <span class='ocrx_word' id='word_1_44' title='bbox 565 1026 702 1122; x_wconf 89' lang='lat' dir='ltr'>capituli</span> <span class='ocrx_word' id='word_1_45' title='bbox 719 1035 812 1096; x_wconf 91' lang='lat' dir='ltr'>tanto</span> <span class='ocrx_word' id='word_1_46' title='bbox 831 1036 986 1121; x_wconf 89' lang='lat' dir='ltr'>tempore</span> <span class='ocrx_word' id='word_1_47' title='bbox 1000 1029 1045 1098; x_wconf 90' lang='lat' dir='ltr'>sit</span> <span class='ocrx_word' id='word_1_48' title='bbox 1059 1027 1235 1116; x_wconf 86' lang='lat' dir='ltr'>exclusus,</span> <span class='ocrx_word' id='word_1_49' title='bbox 1264 1027 1376 1098; x_wconf 90' lang='lat' dir='ltr'>denec</span> <span class='ocrx_word' id='word_1_50' title='bbox 1392 1027 1434 1099; x_wconf 90' lang='lat' dir='ltr'>ds</span> <span class='ocrx_word' id='word_1_51' title='bbox 1448 1047 1582 1100; x_wconf 86' lang='lat' dir='ltr'>cunone</span> 
     </span>
     <span class='ocr_line' id='line_1_7' title="bbox 193 1123 1581 1221; baseline -0.001 -23"><span class='ocrx_word' id='word_1_52' title='bbox 193 1127 292 1198; x_wconf 91' lang='lat' dir='ltr'>nobis</span> <span class='ocrx_word' id='word_1_53' title='bbox 320 1125 528 1200; x_wconf 80' lang='lat' dir='ltr'>satisfecerit</span> <span class='ocrx_word' id='word_1_54' title='bbox 555 1125 760 1220; x_wconf 90' lang='lat' dir='ltr'>supradicto.</span> <span class='ocrx_word' id='word_1_55' title='bbox 816 1123 855 1196; x_wconf 91' lang='lat' dir='ltr'>Si</span> <span class='ocrx_word' id='word_1_56' title='bbox 881 1149 979 1215; x_wconf 91' lang='lat' dir='ltr'>nero,</span> <span class='ocrx_word' id='word_1_57' title='bbox 1006 1126 1095 1221; x_wconf 88' lang='lat' dir='ltr'>quod</span> <span class='ocrx_word' id='word_1_58' title='bbox 1122 1126 1232 1216; x_wconf 89' lang='lat' dir='ltr'>absit,</span> <span class='ocrx_word' id='word_1_59' title='bbox 1259 1127 1406 1221; x_wconf 87' lang='lat' dir='ltr'>aliquem</span> <span class='ocrx_word' id='word_1_60' title='bbox 1433 1129 1581 1197; x_wconf 89' lang='lat' dir='ltr'>canoni-</span> 
     </span>
     <span class='ocr_line' id='line_1_8' title="bbox 195 1225 1582 1318; baseline -0.004 -18"><span class='ocrx_word' id='word_1_61' title='bbox 195 1249 310 1300; x_wconf 87' lang='lat' dir='ltr'>corum</span> <span class='ocrx_word' id='word_1_62' title='bbox 338 1229 512 1318; x_wconf 84' lang='lat' dir='ltr'>contingat</span> <span class='ocrx_word' id='word_1_63' title='bbox 539 1225 723 1298; x_wconf 89' lang='lat' dir='ltr'>oblationis</span> <span class='ocrx_word' id='word_1_64' title='bbox 758 1225 818 1298; x_wconf 92' lang='lat' dir='ltr'>vel</span> <span class='ocrx_word' id='word_1_65' title='bbox 858 1225 1067 1299; x_wconf 88' lang='lat' dir='ltr'>oblationum</span> <span class='ocrx_word' id='word_1_66' title='bbox 1095 1249 1231 1300; x_wconf 89' lang='lat' dir='ltr'>suarum</span> <span class='ocrx_word' id='word_1_67' title='bbox 1270 1227 1432 1298; x_wconf 90' lang='lat' dir='ltr'>lructibus</span> <span class='ocrx_word' id='word_1_68' title='bbox 1461 1235 1582 1296; x_wconf 88' lang='lat' dir='ltr'>contra</span> 
     </span>
     <span class='ocr_line' id='line_1_9' title="bbox 194 1325 1581 1423; baseline -0.001 -25"><span class='ocrx_word' id='word_1_69' title='bbox 194 1329 360 1398; x_wconf 90' lang='lat' dir='ltr'>iusticiam</span> <span class='ocrx_word' id='word_1_70' title='bbox 389 1326 553 1420; x_wconf 85' lang='lat' dir='ltr'>spoliari,</span> <span class='ocrx_word' id='word_1_71' title='bbox 588 1325 770 1414; x_wconf 90' lang='lat' dir='ltr'>volumus,</span> <span class='ocrx_word' id='word_1_72' title='bbox 809 1336 847 1396; x_wconf 89' lang='lat' dir='ltr'>vt</span> <span class='ocrx_word' id='word_1_73' title='bbox 874 1326 984 1398; x_wconf 90' lang='lat' dir='ltr'>eidem</span> <span class='ocrx_word' id='word_1_74' title='bbox 1011 1350 1072 1423; x_wconf 92' lang='lat' dir='ltr'>per</span> <span class='ocrx_word' id='word_1_75' title='bbox 1097 1326 1288 1400; x_wconf 92' lang='lat' dir='ltr'>diuinorum</span> <span class='ocrx_word' id='word_1_76' title='bbox 1316 1327 1581 1423; x_wconf 86' lang='lat' dir='ltr'>suspensionem</span> 
     </span>
     <span class='ocr_line' id='line_1_10' title="bbox 194 1425 1580 1520; baseline 0.002 -23"><span class='ocrx_word' id='word_1_77' title='bbox 194 1429 376 1520; x_wconf 89' lang='lat' dir='ltr'>cooperari</span> <span class='ocrx_word' id='word_1_78' title='bbox 401 1437 578 1498; x_wconf 87' lang='lat' dir='ltr'>teneamur</span> <span class='ocrx_word' id='word_1_79' title='bbox 613 1429 706 1496; x_wconf 87' lang='lat' dir='ltr'>iuxta</span> <span class='ocrx_word' id='word_1_80' title='bbox 734 1426 1015 1498; x_wconf 88' lang='lat' dir='ltr'>consuetudinem</span> <span class='ocrx_word' id='word_1_81' title='bbox 1058 1425 1210 1500; x_wconf 86' lang='lat' dir='ltr'>ecclesie</span> <span class='ocrx_word' id='word_1_82' title='bbox 1243 1438 1363 1500; x_wconf 88' lang='lat' dir='ltr'>nostre</span> <span class='ocrx_word' id='word_1_83' title='bbox 1400 1429 1580 1520; x_wconf 88' lang='lat' dir='ltr'>antiquitus</span> 
     </span>
     <span class='ocr_line' id='line_1_11' title="bbox 193 1525 1582 1622; baseline -0.003 -22"><span class='ocrx_word' id='word_1_84' title='bbox 193 1525 421 1622; x_wconf 86' lang='lat' dir='ltr'>approbatam.</span> <span class='ocrx_word' id='word_1_85' title='bbox 475 1525 513 1598; x_wconf 91' lang='lat' dir='ltr'>lu</span> <span class='ocrx_word' id='word_1_86' title='bbox 540 1529 636 1596; x_wconf 90' lang='lat' dir='ltr'>cuius</span> <span class='ocrx_word' id='word_1_87' title='bbox 662 1529 714 1596; x_wconf 91' lang='lat' dir='ltr'>rei</span> <span class='ocrx_word' id='word_1_88' title='bbox 741 1529 973 1600; x_wconf 89' lang='lat' dir='ltr'>testimonium</span> <span class='ocrx_word' id='word_1_89' title='bbox 999 1549 1144 1621; x_wconf 88' lang='lat' dir='ltr'>presens</span> <span class='ocrx_word' id='word_1_90' title='bbox 1170 1530 1331 1622; x_wconf 90' lang='lat' dir='ltr'>scriptum</span> <span class='ocrx_word' id='word_1_91' title='bbox 1348 1527 1454 1621; x_wconf 85' lang='lat' dir='ltr'>sigilli</span> <span class='ocrx_word' id='word_1_92' title='bbox 1471 1529 1582 1598; x_wconf 85' lang='lat' dir='ltr'>nostri</span> 
     </span>
     <span class='ocr_line' id='line_1_12' title="bbox 192 1623 1581 1702; baseline 0 -4"><span class='ocrx_word' id='word_1_93' title='bbox 192 1630 374 1698; x_wconf 86' lang='lat' dir='ltr'>munimine</span> <span class='ocrx_word' id='word_1_94' title='bbox 401 1625 557 1698; x_wconf 84' lang='lat' dir='ltr'>duximus</span> <span class='ocrx_word' id='word_1_95' title='bbox 575 1623 815 1698; x_wconf 91' lang='lat' dir='ltr'>roborandum.</span> <span class='ocrx_word' id='word_1_96' title='bbox 843 1626 932 1698; x_wconf 88' lang='lat' dir='ltr'>Acta</span> <span class='ocrx_word' id='word_1_97' title='bbox 948 1637 1026 1700; x_wconf 91' lang='lat' dir='ltr'>sunt</span> <span class='ocrx_word' id='word_1_98' title='bbox 1038 1627 1104 1698; x_wconf 88' lang='lat' dir='ltr'>hcc</span> <span class='ocrx_word' id='word_1_99' title='bbox 1116 1649 1204 1700; x_wconf 90' lang='lat' dir='ltr'>anno</span> <span class='ocrx_word' id='word_1_100' title='bbox 1224 1627 1348 1700; x_wconf 91' lang='lat' dir='ltr'>domini</span> <span class='ocrx_word' id='word_1_101' title='bbox 1361 1625 1581 1702; x_wconf 73' lang='lat' dir='ltr'>mcccxxx</span> 
     </span>
     <span class='ocr_line' id='line_1_13' title="bbox 193 1723 779 1815; baseline -0.01 -15"><span class='ocrx_word' id='word_1_102' title='bbox 193 1725 358 1815; x_wconf 88' lang='lat' dir='ltr'>secundo,</span> <span class='ocrx_word' id='word_1_103' title='bbox 383 1724 471 1800; x_wconf 72' lang='lat'><em>111110</em></span> <span class='ocrx_word' id='word_1_104' title='bbox 497 1723 662 1798; x_wconf 87' lang='lat' dir='ltr'>kalendas</span> <span class='ocrx_word' id='word_1_105' title='bbox 690 1725 779 1796; x_wconf 86' lang='lat' dir='ltr'>Maii.</span> 
     </span>
    </p>
   </div>
   <div class='ocr_carea' id='block_1_3' title="bbox 403 1923 1425 2008">
    <p class='ocr_par' dir='ltr' id='par_1_3' title="bbox 403 1923 1425 2008">
     <span class='ocr_line' id='line_1_14' title="bbox 403 1923 1425 2008; baseline -0.003 -20"><span class='ocrx_word' id='word_1_106' title='bbox 403 1923 539 2008; x_wconf 76' lang='lat' dir='ltr'>Sigillum</span> <span class='ocrx_word' id='word_1_107' title='bbox 563 1925 682 2005; x_wconf 87' lang='lat' dir='ltr'>capituli</span> <span class='ocrx_word' id='word_1_108' title='bbox 706 1929 825 1986; x_wconf 75' lang='lat' dir='ltr'>nutrioris</span> <span class='ocrx_word' id='word_1_109' title='bbox 849 1925 1000 1986; x_wconf 85' lang='lat' dir='ltr'>eeclesiae</span> <span class='ocrx_word' id='word_1_110' title='bbox 1024 1923 1244 2004; x_wconf 83' lang='lat' dir='ltr'>herbipolensis</span> <span class='ocrx_word' id='word_1_111' title='bbox 1268 1923 1425 2006; x_wconf 89' lang='lat' dir='ltr'>appendet.</span> 
     </span>
    </p>
   </div>
   <div class='ocr_carea' id='block_1_4' title="bbox 797 2365 973 2439">
    <p class='ocr_par' dir='ltr' id='par_1_4' title="bbox 797 2365 973 2439">
     <span class='ocr_line' id='line_1_15' title="bbox 797 2365 973 2439; baseline 0.006 -3"><span class='ocrx_word' id='word_1_112' title='bbox 797 2365 973 2439; x_wconf 84' lang='lat' dir='ltr'>CDLXlll.</span> 
     </span>
    </p>
   </div>
   <div class='ocr_carea' id='block_1_5' title="bbox 656 2560 1142 2642">
    <p class='ocr_par' dir='ltr' id='par_1_5' title="bbox 656 2560 1142 2642">
     <span class='ocr_line' id='line_1_16' title="bbox 656 2560 1142 2642; baseline -0.004 -15"><span class='ocrx_word' id='word_1_113' title='bbox 656 2565 745 2627; x_wconf 83' lang='lat' dir='ltr'>Aurno</span> <span class='ocrx_word' id='word_1_114' title='bbox 772 2560 873 2642; x_wconf 79' lang='lat'>1283,</span> <span class='ocrx_word' id='word_1_115' title='bbox 898 2560 948 2627; x_wconf 88' lang='lat'>31.</span> <span class='ocrx_word' id='word_1_116' title='bbox 973 2564 1142 2627; x_wconf 61' lang='lat' dir='ltr'>Januarll.x</span> 
     </span>
    </p>
   </div>
   <div class='ocr_carea' id='block_1_6' title="bbox 193 2747 1634 2944">
    <p class='ocr_par' dir='ltr' id='par_1_6' title="bbox 193 2747 1634 2944">
     <span class='ocr_line' id='line_1_17' title="bbox 193 2747 1579 2845; baseline -0.001 -22"><span class='ocrx_word' id='word_1_117' title='bbox 193 2749 398 2823; x_wconf 78' lang='lat' dir='ltr'>bertholdus</span> <span class='ocrx_word' id='word_1_118' title='bbox 425 2747 677 2843; x_wconf 86' lang='lat' dir='ltr'>herbipolensis</span> <span class='ocrx_word' id='word_1_119' title='bbox 705 2753 888 2844; x_wconf 89' lang='lat' dir='ltr'>episcopus</span> <span class='ocrx_word' id='word_1_120' title='bbox 915 2749 1065 2844; x_wconf 87' lang='lat' dir='ltr'>capitulo</span> <span class='ocrx_word' id='word_1_121' title='bbox 1084 2751 1205 2820; x_wconf 88' lang='lat' dir='ltr'>maiori</span> <span class='ocrx_word' id='word_1_122' title='bbox 1220 2752 1253 2820; x_wconf 94' lang='lat' dir='ltr'>in</span> <span class='ocrx_word' id='word_1_123' title='bbox 1270 2747 1455 2822; x_wconf 87' lang='lat' dir='ltr'>subsidium</span> <span class='ocrx_word' id='word_1_124' title='bbox 1472 2772 1579 2845; x_wconf 88' lang='lat' dir='ltr'>prae-</span> 
     </span>
     <span class='ocr_line' id='line_1_18' title="bbox 193 2844 1634 2944; baseline -0.001 -22"><span class='ocrx_word' id='word_1_125' title='bbox 193 2850 377 2923; x_wconf 90' lang='lat' dir='ltr'>bendarum</span> <span class='ocrx_word' id='word_1_126' title='bbox 404 2848 508 2920; x_wconf 91' lang='lat' dir='ltr'>donat</span> <span class='ocrx_word' id='word_1_127' title='bbox 533 2848 748 2944; x_wconf 90' lang='lat' dir='ltr'>parochiales</span> <span class='ocrx_word' id='word_1_128' title='bbox 777 2848 946 2922; x_wconf 90' lang='lat' dir='ltr'>ecclesias</span> <span class='ocrx_word' id='word_1_129' title='bbox 971 2849 1254 2922; x_wconf 86' lang='lat' dir='ltr'>Bronoldesheim</span> <span class='ocrx_word' id='word_1_130' title='bbox 1281 2859 1316 2921; x_wconf 92' lang='lat' dir='ltr'>et</span> <span class='ocrx_word' id='word_1_131' title='bbox 1338 2848 1579 2924; x_wconf 88' lang='lat' dir='ltr'>Gocbesbeim.</span> <span class='ocrx_word' id='word_1_132' title='bbox 1633 2844 1634 2852; x_wconf 61' lang='lat'><em>&#39;</em></span> 
     </span>
    </p>
   </div>
   <div class='ocr_carea' id='block_1_7' title="bbox 193 3007 1583 4118">
    <p class='ocr_par' dir='ltr' id='par_1_7' title="bbox 193 3007 1583 4118">
     <span class='ocr_line' id='line_1_19' title="bbox 292 3007 1580 3114; baseline 0.001 -24"><span class='ocrx_word' id='word_1_133' title='bbox 292 3007 576 3092; x_wconf 89' lang='lat' dir='ltr'>Bertholdus</span> <span class='ocrx_word' id='word_1_134' title='bbox 602 3020 656 3090; x_wconf 91' lang='lat' dir='ltr'>dei</span> <span class='ocrx_word' id='word_1_135' title='bbox 685 3022 800 3114; x_wconf 83' lang='lat' dir='ltr'>gracia</span> <span class='ocrx_word' id='word_1_136' title='bbox 828 3018 1081 3114; x_wconf 90' lang='lat' dir='ltr'>herbipolensis</span> <span class='ocrx_word' id='word_1_137' title='bbox 1100 3019 1251 3094; x_wconf 88' lang='lat' dir='ltr'>ecclesie</span> <span class='ocrx_word' id='word_1_138' title='bbox 1265 3022 1448 3113; x_wconf 91' lang='lat' dir='ltr'>episeopus</span> <span class='ocrx_word' id='word_1_139' title='bbox 1463 3019 1580 3091; x_wconf 92' lang='lat' dir='ltr'>hono-</span> 
     </span>
     <span class='ocr_line' id='line_1_20' title="bbox 193 3117 1580 3216; baseline 0.001 -26"><span class='ocrx_word' id='word_1_140' title='bbox 193 3119 355 3194; x_wconf 88' lang='lat' dir='ltr'>rabilibus</span> <span class='ocrx_word' id='word_1_141' title='bbox 383 3123 468 3194; x_wconf 87' lang='lat' dir='ltr'>viris</span> <span class='ocrx_word' id='word_1_142' title='bbox 488 3175 519 3192; x_wconf 93' lang='lat'>..</span> <span class='ocrx_word' id='word_1_143' title='bbox 547 3122 746 3216; x_wconf 91' lang='lat' dir='ltr'>preposito.</span> <span class='ocrx_word' id='word_1_144' title='bbox 768 3175 774 3189; x_wconf 93' lang='lat'><em>.</em></span> <span class='ocrx_word' id='word_1_145' title='bbox 804 3117 935 3191; x_wconf 89' lang='lat' dir='ltr'>decano</span> <span class='ocrx_word' id='word_1_146' title='bbox 950 3123 1078 3214; x_wconf 90' lang='lat' dir='ltr'>totique</span> <span class='ocrx_word' id='word_1_147' title='bbox 1092 3119 1238 3214; x_wconf 90' lang='lat' dir='ltr'>capitulo</span> <span class='ocrx_word' id='word_1_148' title='bbox 1255 3119 1408 3193; x_wconf 89' lang='lat' dir='ltr'>eiusdem</span> <span class='ocrx_word' id='word_1_149' title='bbox 1429 3119 1580 3192; x_wconf 89' lang='lat' dir='ltr'>ecclesie</span> 
     </span>
     <span class='ocr_line' id='line_1_21' title="bbox 194 3218 1581 3316; baseline -0.001 -23"><span class='ocrx_word' id='word_1_150' title='bbox 194 3220 338 3293; x_wconf 89' lang='lat' dir='ltr'>salutem</span> <span class='ocrx_word' id='word_1_151' title='bbox 365 3223 399 3290; x_wconf 92' lang='lat' dir='ltr'>in</span> <span class='ocrx_word' id='word_1_152' title='bbox 426 3221 561 3292; x_wconf 93' lang='lat' dir='ltr'>domino</span> <span class='ocrx_word' id='word_1_153' title='bbox 590 3223 842 3316; x_wconf 87' lang='lat' dir='ltr'>sempiternam.</span> <span class='ocrx_word' id='word_1_154' title='bbox 882 3218 965 3290; x_wconf 84' lang='lat' dir='ltr'>Cum</span> <span class='ocrx_word' id='word_1_155' title='bbox 992 3221 1146 3315; x_wconf 88' lang='lat' dir='ltr'>plantare</span> <span class='ocrx_word' id='word_1_156' title='bbox 1173 3218 1277 3290; x_wconf 92' lang='lat' dir='ltr'>diuini</span> <span class='ocrx_word' id='word_1_157' title='bbox 1287 3222 1436 3292; x_wconf 89' lang='lat' dir='ltr'>nominis</span> <span class='ocrx_word' id='word_1_158' title='bbox 1456 3220 1581 3292; x_wconf 89' lang='lat' dir='ltr'>cultum</span> 
     </span>
     <span class='ocr_line' id='line_1_22' title="bbox 195 3318 1580 3416; baseline -0.001 -25"><span class='ocrx_word' id='word_1_159' title='bbox 195 3331 228 3391; x_wconf 88' lang='lat' dir='ltr'>et</span> <span class='ocrx_word' id='word_1_160' title='bbox 254 3321 437 3414; x_wconf 89' lang='lat' dir='ltr'>plantatum</span> <span class='ocrx_word' id='word_1_161' title='bbox 463 3320 584 3392; x_wconf 84' lang='lat' dir='ltr'>fouere</span> <span class='ocrx_word' id='word_1_162' title='bbox 610 3343 746 3392; x_wconf 89' lang='lat' dir='ltr'>necnon</span> <span class='ocrx_word' id='word_1_163' title='bbox 773 3341 980 3413; x_wconf 89' lang='lat' dir='ltr'>promouere</span> <span class='ocrx_word' id='word_1_164' title='bbox 1008 3343 1060 3409; x_wconf 88' lang='lat' dir='ltr'>ea,</span> <span class='ocrx_word' id='word_1_165' title='bbox 1089 3343 1154 3416; x_wconf 91' lang='lat' dir='ltr'>que</span> <span class='ocrx_word' id='word_1_166' title='bbox 1181 3319 1223 3390; x_wconf 90' lang='lat' dir='ltr'>ad</span> <span class='ocrx_word' id='word_1_167' title='bbox 1249 3318 1352 3392; x_wconf 93' lang='lat' dir='ltr'>diuini</span> <span class='ocrx_word' id='word_1_168' title='bbox 1379 3319 1488 3393; x_wconf 86' lang='lat' dir='ltr'>cultus</span> <span class='ocrx_word' id='word_1_169' title='bbox 1513 3318 1580 3390; x_wconf 90' lang='lat' dir='ltr'>de-</span> 
     </span>
     <span class='ocr_line' id='line_1_23' title="bbox 197 3417 1582 3516; baseline -0.001 -25"><span class='ocrx_word' id='word_1_170' title='bbox 197 3443 315 3492; x_wconf 90' lang='lat' dir='ltr'>corem</span> <span class='ocrx_word' id='word_1_171' title='bbox 342 3431 508 3515; x_wconf 89' lang='lat' dir='ltr'>spectant,</span> <span class='ocrx_word' id='word_1_172' title='bbox 535 3424 697 3516; x_wconf 90' lang='lat' dir='ltr'>precipue</span> <span class='ocrx_word' id='word_1_173' title='bbox 723 3423 757 3490; x_wconf 93' lang='lat' dir='ltr'>in</span> <span class='ocrx_word' id='word_1_174' title='bbox 783 3429 902 3493; x_wconf 92' lang='lat' dir='ltr'>nostra</span> <span class='ocrx_word' id='word_1_175' title='bbox 930 3419 1100 3510; x_wconf 86' lang='lat' dir='ltr'>ecclesia,</span> <span class='ocrx_word' id='word_1_176' title='bbox 1141 3423 1237 3492; x_wconf 90' lang='lat' dir='ltr'>euius</span> <span class='ocrx_word' id='word_1_177' title='bbox 1275 3421 1434 3514; x_wconf 84' lang='lat' dir='ltr'>regimini</span> <span class='ocrx_word' id='word_1_178' title='bbox 1469 3417 1582 3490; x_wconf 84' lang='lat' dir='ltr'>dimna</span> 
     </span>
     <span class='ocr_line' id='line_1_24' title="bbox 195 3517 1581 3614; baseline 0 -22"><span class='ocrx_word' id='word_1_179' title='bbox 195 3543 310 3593; x_wconf 90' lang='lat' dir='ltr'>sumus</span> <span class='ocrx_word' id='word_1_180' title='bbox 339 3521 519 3592; x_wconf 90' lang='lat' dir='ltr'>clementia</span> <span class='ocrx_word' id='word_1_181' title='bbox 547 3520 718 3614; x_wconf 90' lang='lat' dir='ltr'>deputati,</span> <span class='ocrx_word' id='word_1_182' title='bbox 758 3541 803 3590; x_wconf 86' lang='lat' dir='ltr'>ex</span> <span class='ocrx_word' id='word_1_183' title='bbox 839 3517 941 3589; x_wconf 89' lang='lat' dir='ltr'>oliicii</span> <span class='ocrx_word' id='word_1_184' title='bbox 979 3525 1089 3594; x_wconf 92' lang='lat' dir='ltr'>nostri</span> <span class='ocrx_word' id='word_1_185' title='bbox 1130 3519 1241 3591; x_wconf 90' lang='lat' dir='ltr'>debito</span> <span class='ocrx_word' id='word_1_186' title='bbox 1277 3529 1476 3609; x_wconf 78' lang='lat' dir='ltr'>teneamur,</span> <span class='ocrx_word' id='word_1_187' title='bbox 1515 3541 1581 3592; x_wconf 89' lang='lat' dir='ltr'>nos</span> 
     </span>
     <span class='ocr_line' id='line_1_25' title="bbox 195 3617 1580 3716; baseline 0 -26"><span class='ocrx_word' id='word_1_188' title='bbox 195 3620 337 3716; x_wconf 90' lang='lat' dir='ltr'>prouidc</span> <span class='ocrx_word' id='word_1_189' title='bbox 366 3619 638 3708; x_wconf 86' lang='lat' dir='ltr'>considerantes,</span> <span class='ocrx_word' id='word_1_190' title='bbox 667 3619 756 3713; x_wconf 88' lang='lat' dir='ltr'>quod</span> <span class='ocrx_word' id='word_1_191' title='bbox 783 3617 1030 3714; x_wconf 81' lang='lat' dir='ltr'>prebendarum</span> <span class='ocrx_word' id='word_1_192' title='bbox 1057 3630 1251 3694; x_wconf 88' lang='lat' dir='ltr'>vestrarum</span> <span class='ocrx_word' id='word_1_193' title='bbox 1278 3619 1428 3692; x_wconf 91' lang='lat' dir='ltr'>redditus</span> <span class='ocrx_word' id='word_1_194' title='bbox 1445 3629 1580 3714; x_wconf 89' lang='lat' dir='ltr'>etpro-</span> 
     </span>
     <span class='ocr_line' id='line_1_26' title="bbox 197 3718 1581 3816; baseline -0.001 -25"><span class='ocrx_word' id='word_1_195' title='bbox 197 3731 319 3794; x_wconf 90' lang='lat' dir='ltr'>nentus</span> <span class='ocrx_word' id='word_1_196' title='bbox 346 3731 486 3816; x_wconf 89' lang='lat' dir='ltr'>propter</span> <span class='ocrx_word' id='word_1_197' title='bbox 511 3721 648 3792; x_wconf 88' lang='lat' dir='ltr'>diuersa</span> <span class='ocrx_word' id='word_1_198' title='bbox 675 3741 889 3814; x_wconf 81' lang='lat' dir='ltr'>gwerrarum</span> <span class='ocrx_word' id='word_1_199' title='bbox 917 3718 1112 3794; x_wconf 88' lang='lat' dir='ltr'>discrimina</span> <span class='ocrx_word' id='word_1_200' title='bbox 1147 3731 1181 3792; x_wconf 90' lang='lat' dir='ltr'>et</span> <span class='ocrx_word' id='word_1_201' title='bbox 1213 3741 1333 3815; x_wconf 86' lang='lat' dir='ltr'>paoem</span> <span class='ocrx_word' id='word_1_202' title='bbox 1360 3729 1452 3790; x_wconf 89' lang='lat' dir='ltr'>terre</span> <span class='ocrx_word' id='word_1_203' title='bbox 1480 3741 1581 3790; x_wconf 88' lang='lat' dir='ltr'>com-</span> 
     </span>
     <span class='ocr_line' id='line_1_27' title="bbox 195 3819 1583 3915; baseline 0 -25"><span class='ocrx_word' id='word_1_204' title='bbox 195 3841 327 3892; x_wconf 91' lang='lat' dir='ltr'>munem</span> <span class='ocrx_word' id='word_1_205' title='bbox 356 3819 518 3892; x_wconf 90' lang='lat' dir='ltr'>hactenus</span> <span class='ocrx_word' id='word_1_206' title='bbox 545 3819 772 3914; x_wconf 83' lang='lat' dir='ltr'>perturbatam</span> <span class='ocrx_word' id='word_1_207' title='bbox 809 3829 887 3891; x_wconf 91' lang='lat' dir='ltr'>sunt</span> <span class='ocrx_word' id='word_1_208' title='bbox 913 3819 1092 3914; x_wconf 90' lang='lat' dir='ltr'>plurimum</span> <span class='ocrx_word' id='word_1_209' title='bbox 1120 3821 1291 3910; x_wconf 91' lang='lat' dir='ltr'>diminuti,</span> <span class='ocrx_word' id='word_1_210' title='bbox 1326 3819 1583 3915; x_wconf 89' lang='lat' dir='ltr'>propterquod</span> 
     </span>
     <span class='ocr_line' id='line_1_28' title="bbox 196 3919 1582 4014; baseline 0.001 -24"><span class='ocrx_word' id='word_1_211' title='bbox 196 3919 384 3994; x_wconf 89' lang='lat' dir='ltr'>diuinorum</span> <span class='ocrx_word' id='word_1_212' title='bbox 411 3919 607 4014; x_wconf 88' lang='lat' dir='ltr'>obsequiis,</span> <span class='ocrx_word' id='word_1_213' title='bbox 645 3932 683 3992; x_wconf 88' lang='lat' dir='ltr'>vt</span> <span class='ocrx_word' id='word_1_214' title='bbox 721 3922 970 4011; x_wconf 90' lang='lat' dir='ltr'>sonsueuistis,</span> <span class='ocrx_word' id='word_1_215' title='bbox 1013 3921 1191 3994; x_wconf 89' lang='lat' dir='ltr'>intendere</span> <span class='ocrx_word' id='word_1_216' title='bbox 1226 3941 1295 3994; x_wconf 89' lang='lat' dir='ltr'>non</span> <span class='ocrx_word' id='word_1_217' title='bbox 1333 3923 1499 4014; x_wconf 88' lang='lat' dir='ltr'>potestis,</span> <span class='ocrx_word' id='word_1_218' title='bbox 1536 3941 1582 3991; x_wconf 86' lang='lat' dir='ltr'>ex</span> 
     </span>
     <span class='ocr_line' id='line_1_29' title="bbox 196 4018 1580 4118; baseline -0.003 -22"><span class='ocrx_word' id='word_1_219' title='bbox 196 4023 332 4096; x_wconf 89' lang='lat' dir='ltr'>sincero</span> <span class='ocrx_word' id='word_1_220' title='bbox 360 4019 474 4094; x_wconf 88' lang='lat' dir='ltr'>cordis</span> <span class='ocrx_word' id='word_1_221' title='bbox 502 4019 624 4092; x_wconf 85' lang='lat' dir='ltr'>allecto</span> <span class='ocrx_word' id='word_1_222' title='bbox 650 4018 836 4094; x_wconf 91' lang='lat' dir='ltr'>subsidium</span> <span class='ocrx_word' id='word_1_223' title='bbox 865 4020 965 4096; x_wconf 89' lang='lat' dir='ltr'>vobis</span> <span class='ocrx_word' id='word_1_224' title='bbox 993 4018 1262 4118; x_wconf 90' lang='lat' dir='ltr'>postulantibus,</span> <span class='ocrx_word' id='word_1_225' title='bbox 1301 4029 1461 4114; x_wconf 87' lang='lat' dir='ltr'>quantum</span> <span class='ocrx_word' id='word_1_226' title='bbox 1495 4041 1580 4115; x_wconf 90' lang='lat' dir='ltr'>pre-</span> 
     </span>
    </p>
   </div>
   <div class='ocr_carea' id='block_1_8' title="bbox 0 0 1925 4728">
    <p class='ocr_par' dir='ltr' id='par_1_8' title="bbox 0 0 1925 4728">
     <span class='ocr_line' id='line_1_30' title="bbox 0 0 1925 4728; baseline 0 0"><span class='ocrx_word' id='word_1_227' title='bbox 0 0 1925 4728; x_wconf 95' lang='lat' dir='ltr'> </span> 
     </span>
    </p>
   </div>
  </div>
 </body>
</html>
