3794 4722
578 448 796 546 episeopntus
822 445 1115 546 wirsiburgensis.
1459 453 1527 528 tot

773 647 921 726 omn.

738 819 829 886 Anno
854 816 948 896 1176.

18 1023 20 1042 .
154 985 358 1064 Adelbertus
372 987 546 1066 eeclesiae
556 989 847 1086 wirzeburgensis
862 1001 979 1066 eustos
998 991 1152 1066 eubiculo
1166 994 1200 1064 in
1211 995 1343 1088 porticu
1357 994 1528 1069 eeclesiae

155 1087 337 1186 sumptibus
369 1092 442 1165 suis
475 1087 650 1163 aedificata
683 1091 881 1188 quibusdem
913 1091 1104 1165 bominibus
1139 1113 1224 1186 arga
1258 1115 1397 1168 oensem
1424 1118 1527 1168 eerae

405 1200 441 1262 et
465 1193 592 1288 piperis
619 1195 789 1265 annuatim
813 1191 1082 1290 persolvendum
1108 1191 1275 1264 eonoedit.

254 1331 291 1406 G.
325 1333 526 1429 innomine
552 1345 668 1429 sanate
695 1347 730 1409 et
755 1335 924 1429 indiuiduo
950 1339 1119 1412 trinitatis.
1154 1333 1447 1430 EgoAdelbertus
1473 1337 1528 1412 dei
1563 1357 1565 1362 ·

18 1449 19 1508 ἰ
154 1435 263 1528 gratia
299 1437 333 1508 in
370 1433 524 1510 ecelesia
555 1435 830 1532 wirceburgensi
864 1439 1047 1510 canonieus
1085 1447 1120 1509 et
1152 1446 1270 1509 custos
1302 1447 1418 1508 notum
1446 1461 1528 1514 esse

18 1531 19 1604 Ϊ
155 1533 312 1608 desidero
339 1534 495 1608 omnibus
521 1545 589 1608 mro
610 1541 781 1632 presentis
808 1559 906 1632 ptam
932 1537 1126 1632 postfuturi
1152 1539 1208 1608 aui
1222 1535 1346 1610 Otrisu
1371 1535 1526 1612 fidelibus

154 1633 243 1730 qood
266 1657 342 1708 eum
368 1638 515 1708 unanimi
541 1634 755 1712 dominorum
795 1647 829 1710 et
855 1637 1062 1710 eoniratrum
1085 1657 1240 1708 meorum
1264 1657 1438 1711 consensu
1463 1661 1528 1711 sex

154 1733 306 1808 cubicula
332 1738 367 1808 in
391 1739 526 1831 porticu
551 1737 700 1829 ecelesia
725 1739 811 1812 meis
838 1735 1023 1834 sumptibus
1058 1735 1206 1810 edificari
1243 1734 1407 1831 disposui.
1455 1737 1528 1812 Illis

153 1857 290 1930 quoque
315 1833 493 1924 ediboatis,
519 1835 718 1929 quibusdam
743 1835 934 1910 bominibus
960 1859 1002 1909 ea
1028 1837 1063 1910 in
1086 1833 1254 1908 beneficio
1280 1839 1461 1926 eoncessi,
1488 1859 1530 1910 es

18 1967 19 1974 ¹
153 1935 287 2008 scilieet
320 1935 424 2029 tege,
462 1933 554 2031 quod
589 1936 731 2031 quilibet
754 1957 873 2010 eorum
897 1936 940 2010 de
966 1957 1029 2010 suo
1054 1935 1212 2008 eubiculo
1237 1938 1272 2008 in
1295 1935 1528 2032 purificatione

18 2035 19 2068 ³
152 2033 249 2127 beetp
273 2035 384 2110 ttarie
418 2033 463 2106 X.
497 2033 604 2110 libras
636 2059 719 2132 pure
752 2057 831 2130 oerp
865 2047 899 2108 et
923 2037 966 2110 X.
999 2039 1109 2110 minus
1144 2059 1226 2132 pure
1260 2039 1296 2108 in
1321 2035 1412 2110 testo
1437 2034 1529 2110 beati

151 2134 274 2210 tittimi
293 2135 442 2208 martiris
457 2134 583 2210 Christi
609 2135 650 2211 ad
675 2135 829 2210 iacienda
855 2135 1033 2210 luminaria
1057 2139 1092 2208 in
1117 2133 1395 2210 honoredomini
1417 2141 1529 2212 nostri

151 2233 256 2310 Jbesu
282 2233 409 2308 Christi
443 2244 479 2308 et
512 2237 689 2328 genitricis
722 2259 782 2328 sue
816 2235 913 2330 beate
945 2235 1051 2326 bieria
1087 2246 1122 2308 et
1155 2237 1302 2308 omnium
1339 2235 1528 2310 electorum

151 2356 290 2406 suorum
323 2331 560 2426 conburenda,
597 2345 632 2408 et
668 2340 807 2434 insuper
839 2335 961 2408 libram
993 2337 1120 2432 piperis
1147 2336 1315 2406 annuatim
1341 2335 1527 2430 persoluat.

151 2433 355 2508 bodowious
381 2457 469 2514 vero
496 2432 539 2508 de
565 2457 669 2525 erae,
706 2459 804 2532 pram
829 2434 1003 2534 possedit,
1037 2437 1095 2528 qui
1119 2431 1162 2506 de
1188 2435 1259 2508 suis
1286 2443 1322 2506 et
1345 2456 1416 2506 non
1440 2439 1527 2508 meis

152 2533 339 2632 sumptibus
366 2533 557 2624 edibeauit'
572 2537 607 2608 in
633 2559 718 2628 aena
742 2535 869 2610 domini
892 2531 1048 2608 XXXVI.
1075 2532 1180 2607 libras
1205 2555 1287 2629 pure
1314 2555 1395 2624 cere
1413 2546 1448 2606 et
1468 2535 1526 2608 Vl.

150 2633 254 2712 libras
291 2637 419 2732 piperis
453 2637 490 2708 in
521 2637 696 2709 natiuitnte
734 2634 860 2709 domini
894 2634 1039 2728 singulis
1074 2635 1170 2708 amris
1204 2631 1390 2728 persoluet
1442 2633 1528 2706 Illud

151 2738 260 2808 eeiam
286 2745 446 2810 statutum
470 2743 545 2826 est,
581 2735 672 2831 quod
705 2735 819 2810 nullus
845 2757 1088 2810 suceessorum
1112 2753 1266 2806 meorum
1290 2731 1431 2806 eosdem
1456 2733 1527 2806 bo-

18 2831 20 2866 ὲ
150 2837 260 2910 mines
298 2843 356 2908 aut
389 2852 616 2912 subsessores
650 2857 769 2908 eorum
802 2834 845 2908 ad
881 2857 1021 2910 eonsum
1046 2833 1246 2908 ulteriorem
1272 2833 1527 2927 constringendi

18 3001 19 3008 .
150 2943 357 3030 potestatem
378 2933 514 3027 babeat,
539 2944 575 3008 et
590 2939 668 3032 ipsi,
694 2955 827 3010 eanone
841 2935 988 3028 poolosip¹
1005 2937 1190 3008 constituto
1205 2932 1304 3008 saluo
1317 2943 1529 3025 remanente,

18 3037 19 3090 ἶ
151 3034 192 3108 ad
225 3057 309 3130 suos
342 3033 490 3110 beredee
523 3037 676 3130 predicta
711 3035 866 3112 cubicula
901 3033 1129 3110 transferendi
1154 3033 1344 3106 libertatern
1370 3032 1526 3108 babeant

151 3134 196 3208 Vt
221 3137 326 3231 igitur
349 3138 385 3208 in
410 3145 586 3232 posterum
610 3146 684 3210 rata
710 3147 746 3210 et
770 3135 978 3210 inuiolabilis
1003 3131 1194 3208 huiusmodi
1215 3141 1335 3208 nostra
1349 3130 1527 3230 dispositio

18 3239 19 3322 i
151 3243 369 3332 permaneat,
394 3235 510 3330 sigillo
535 3237 683 3330 ecelesia
707 3247 824 3330 nostre
850 3245 886 3310 et
910 3234 1054 3310 testibus
1081 3232 1281 3330 subscriptis
1306 3232 1528 3308 corroborata

18 3329 19 3356 ¹
152 3345 267 3410 estet
290 3337 508 3411 communita.
558 3333 618 3414 Isti
656 3347 735 3412 snnt
765 3346 897 3412 testes:

18 3437 20 3504 t
160 3434 291 3500 deoanus
419 3441 523 3498 oantor
643 3437 823 3500 seolastieus
881 3439 1052 3518 prepodus
1136 3431 1336 3498 debtulebero
1357 3437 1528 3516 prepositus

18 3533 19 3600 i
151 3519 309 3614 Persius,
358 3517 596 3613 Gotbefridus,
641 3523 837 3613 Jobannes,
877 3521 1081 3613 Bertoldus,
1136 3517 1349 3615 Sigebidus,
1390 3517 1480 3592 Boto

151 3629 307 3718 totusque
341 3631 540 3696 conuentus.
590 3621 680 3696 Aeta
715 3634 793 3698 sunt
823 3621 890 3696 beo
922 3643 1012 3696 anno
1038 3621 1164 3696 domini
1187 3619 1247 3696 ΜΟ·
1266 3617 1319 3690 0⁰·
1339 3615 1528 3710 LXXVl⁰·,

18 3791 19 3798 .
152 3721 332 3796 indietione
364 3721 435 3812 tx,
473 3719 650 3796 Friderieo
676 3726 884 3820 imperatore
917 3733 1102 3818 regnante,
1139 3717 1368 3814 Regenhardo
1392 3720 1526 3793 wirne-

151 3818 314 3920 burgensi
339 3819 414 3897 sedi
438 3822 657 3920 presidente,
690 3823 856 3921 Boppono
881 3821 1013 3898 urbano
1039 3822 1163 3896 comite
1188 3823 1371 3896 existente.

359 3963 495 4118 atgibana
518 3968 639 4056 eotteptt
658 3973 753 4035 saneti
765 3968 870 4034 Ktltant
891 3965 931 4031 de
952 3966 1042 4032 domo
1062 3970 1243 4050 impressum
1263 3965 1342 4030 bene
1361 3977 1526 4030 oonserva-

442 4070 477 4120 ω
489 4099 498 4121 0

1123 4133 1198 4211 14·
