3836 4722
197 467 199 470 ·
331 433 380 506 60
465 499 469 507 ,
908 431 1126 506 llonumoutu

216 619 218 624 ’
330 631 448 702 ulteris
464 628 655 702 olierretnr.
695 633 821 702 Verum
839 650 919 719 uos,
944 653 1086 724 quorum
1113 630 1216 704 ollicii
1242 639 1309 720 est,
1334 629 1505 704 clamores
1522 651 1708 726 pauperum

331 729 456 801 Christi
481 728 657 820 exaudire,
683 739 717 801 et
743 731 855 801 eisin
880 729 1144 803 necessitatibus
1170 752 1288 802 eorum
1313 749 1377 826 pro
1402 729 1562 847 sepultato
1587 739 1709 804 nostra

330 849 546 918 succurrere,
574 832 650 922 quia
677 839 796 901 contra
821 831 1052 923 prescriptam.
1070 832 1232 902 iustitiam
1259 851 1377 901 eorum
1404 829 1531 902 illicitis
1551 851 1614 903 eos
1637 852 1708 901 ex-

330 928 527 1000 accionihus
561 931 761 1002 iniustorum
788 927 1030 1000 aduocatorum
1064 933 1202 1023 grauari
1227 931 1473 1025 persensimus,
1500 951 1575 1000 cum
1602 950 1711 1016 com-v

329 1030 499 1098 municato
516 1028 663 1102 consilio
681 1027 831 1098 ecclesie
856 1037 976 1098 nostre
993 1032 1221 1123 manuscripta
1238 1049 1356 1100 eorum
1375 1033 1536 1100 renouari
1551 1028 1708 1118 lecimus,

183 1136 191 1144 “
328 1128 363 1196 iu
390 1124 508 1220 quibus
536 1131 703 1220 antiquam
730 1129 889 1198 iustitiam
915 1148 1033 1198 eorum
1060 1131 1260 1200 auctoritate
1287 1127 1342 1198 dci
1369 1138 1404 1198 et
1429 1139 1547 1199 nostra
1568 1131 1602 1199 in
1619 1129 1708 1200 lrnnc

329 1224 464 1296 modum
491 1225 776 1314 confirmauimus,
801 1235 838 1295 ut
864 1235 1076 1319 prouolutum
1104 1249 1244 1299 censum
1270 1247 1388 1298 eorum
1407 1245 1509 1299 neruo
1530 1229 1597 1300 nisi
1620 1251 1707 1324 pro-

330 1322 408 1394 dicti
428 1324 543 1398 altoris
560 1327 731 1419 prespiter
747 1326 902 1418 accipiat,
927 1335 961 1395 et
981 1328 1150 1398 neminem
1166 1329 1233 1398 nisi
1250 1329 1357 1419 ipsius
1374 1326 1490 1400 altaris
1507 1326 1709 1400 aduocatum

327 1421 484 1510 habeant,
513 1445 532 1494 a
556 1423 651 1494 nullo
680 1425 781 1493 etiam
807 1425 940 1494 iusticia
968 1447 1086 1496 eorum
1112 1428 1146 1496 in
1172 1423 1339 1497 beneficio
1366 1423 1437 1496 dari
1463 1430 1584 1520 possit.
1633 1426 1708 1500 Nos

328 1523 431 1614 igitur
457 1524 508 1595 eis
536 1524 771 1616 conpatientes
797 1521 839 1593 ad
864 1525 1027 1596 maiorem
1056 1523 1346 1596 confirmationem
1372 1525 1454 1596 iuris
1480 1547 1599 1598 eorum
1620 1527 1709 1599 hanc

327 1629 456 1690 cartem
492 1619 663 1694 conscribi
695 1620 836 1692 ierimus
870 1629 905 1692 et
936 1623 1043 1716 sigilli
1074 1627 1184 1696 nostri
1216 1626 1433 1718 inpressione
1468 1627 1634 1718 signatam
1661 1631 1708 1698 ita

327 1716 430 1788 banni
454 1724 564 1791 nostri
591 1723 759 1794 sententia
786 1719 1025 1813 obligauimus,
1051 1733 1088 1794 ut
1112 1725 1218 1818 siquis
1243 1723 1331 1794 hano
1355 1729 1622 1798 renouacionem
1647 1729 1708 1798 in-

326 1815 482 1911 fringere
508 1819 565 1891 uel
590 1823 725 1891 irritare
750 1831 925 1915 presumat
950 1831 1070 1893 eterne
1096 1822 1323 1917 dampnationi
1349 1821 1532 1895 subiacent.

426 1917 533 1990 Huius
568 1921 620 1990 rei
646 1928 755 1992 testes
782 1929 860 1992 sunt
884 1919 929 1989 hii
957 1920 1091 1992 clerici:
1128 1921 1206 1994 Otto
1232 1924 1448 2018 prepositus,
1486 1921 1707 1998 Gebehardus

328 2014 497 2106 decanus,
539 2015 731 2110 Sigeiridus
765 2022 980 2114 prepositus,
1020 2018 1211 2093 Guntherus
1246 2023 1459 2116 prepositus,
1501 2021 1708 2114 Sigeiridus,

326 2115 541 2188 Fclcnandus
570 2117 780 2213 cappellani,
812 2117 1006 2192 Dietmarus
1034 2120 1275 2216 cappellanus3
1317 2120 1362 2190 hii
1388 2120 1497 2191 laicii:
1533 2121 1710 2196 Heroldus

326 2215 573 2305 uicedominus,
598 2215 777 2310 Billungus
805 2217 989 2308 scultetus,
1014 2217 1112 2290 Dudo
1139 2220 1324 2310 scultetus,
1349 2218 1567 2310 Richalmus,
1593 2223 1708 2294 Hein-

325 2315 417 2386 ricus
445 2336 520 2386 cum
547 2318 673 2388 ceteris
700 2315 986 2411 quampluribus.

424 2412 529 2484 Facta
556 2425 633 2488 sunt
658 2424 770 2486 antem
794 2414 862 2487 hec
887 2439 978 2488 anno
1006 2415 1173 2490 dominice
1198 2420 1449 2491 incarnacionis
1472 2418 1517 2490 111ο
1543 2419 1582 2491 0⁰
1605 2418 1706 2510 xtr,

325 2509 509 2584 indictione
526 2511 609 2605 1111·,
634 2524 802 2607 regnante
822 2515 1076 2608 gloriosissimo
1098 2539 1184 2610 rege
1198 2517 1430 2590 Romanorum
1449 2517 1606 2592 Cuurudo
1621 2519 1708 2612 11110,

326 2608 542 2684 Gotheboldo
569 2616 742 2686 existente
766 2611 897 2685 urbano
924 2617 1058 2687 comite.

532 2777 578 2840 Ex
599 2778 676 2841 libro
698 2781 805 2862 copiali
827 2779 1020 2865 Bebeuburg.

962 3090 1067 3165 xcu.
1168 3043 1172 3049 ’

910 3271 1000 3337 Anno
1030 3269 1120 3337 1144.

324 3423 506 3498 limbricho
531 3423 825 3520 wirceburgensis
852 3427 1034 3524 episcopus
1059 3427 1218 3525 hospitali
1244 3426 1286 3502 ab
1313 3429 1437 3504 Ottone
1463 3433 1583 3506 maiori
1617 3457 1706 3533 pre-

483 3529 597 3622 posito
624 3527 658 3597 in
679 3523 890 3620 Wirzeburg
916 3536 1113 3601 constructo
1138 3529 1235 3625 plura
1260 3527 1397 3626 praedia
1424 3531 1534 3604 tradit

420 3689 458 3765 ln
490 3695 631 3766 nominc
665 3703 784 3766 sancte
817 3704 853 3767 ct
886 3694 1058 3767 indiuiduo
1092 3697 1260 3770 trinitatis.
1317 3697 1395 3791 Ego
1429 3699 1614 3774 Embricho
1648 3699 1704 3774 dei

324 3793 434 3883 gratio
459 3791 753 3886 wirzeburgensis
781 3793 931 3867 ecclesie
958 3798 1153 3891 episcopus.
1206 3795 1243 3870 Si
1280 3794 1451 3871 derebus
1485 3805 1633 3873 terrenis
1668 3813 1704 3874 et

322 3893 543 3982 transitoriis,
570 3913 636 3987 que
661 3891 704 3963 od
727 3914 793 3966 nos
820 3903 987 3990 spectant,
1013 3893 1168 3967 fidelibus
1189 3899 1318 3968 nostris
1342 3903 1603 3992 oportunitatem
1624 3923 1704 3972 nm-

322 3987 448 4083 pliamli
474 3989 684 4064 elemosinas
709 4013 791 4068 snos
815 3994 1071 4090 prebuerimus,
1107 4003 1227 4066 sterne
1261 4002 1545 4073 remunerationis
1571 4009 1703 4096 partem
