3774 4728
352 449 425 526 264
903 442 1141 527 bionuments
1254 490 1281 536 .·

342 635 550 752 ¹probaverit
572 671 653 726 esse
677 655 821 749 pignus,
854 651 914 725 vel
950 657 1108 726 comitem
1133 649 1330 727 confessam
1366 672 1449 728 esse
1484 653 1628 751 pignus,
1659 651 1720 726 vel

351 757 565 850 promisisse,
591 752 681 850 quod
707 753 763 825 det
787 751 829 824 ud
851 751 1095 846 redimendum,
1118 751 1314 849 probauerit
1328 755 1462 850 inquam
1487 775 1550 851 per
1562 775 1638 842 eos,
1664 755 1720 850 qui

350 855 573 928 interfuerunt
596 855 742 952 placitis,
768 853 1069 944 conuencionibus,
1095 852 1370 930 confessionibus
1401 857 1490 928 inter
1523 859 1720 952 episcopum

351 965 386 1028 et
411 957 571 1029 comitem
597 977 700 1051 super
733 953 798 1027 hiis
831 954 941 1028 iactis.
990 952 1233 1029 Ministeriales
1268 958 1421 1059 episcopi
1457 975 1576 1029 comes
1613 957 1719 1028 inuito
1856 1009 1859 1016 -

350 1059 527 1154 episcopo,
551 1054 793 1128 ministeriales
819 1057 952 1128 comitis
978 1059 1159 1151 episcopus
1192 1055 1297 1128 inuito
1323 1058 1449 1130 consite
1479 1079 1549 1130 non
1581 1053 1720 1128 tenebit.

348 1153 397 1248 ln¹
413 1157 552 1230 decimis
579 1167 614 1229 ct
637 1155 713 1228 aliis
739 1153 852 1246 bonis,
877 1153 1019 1250 queTh.
1043 1155 1471 1229 deblancbenbercb
1496 1155 1719 1253 abepiscopo

347 1265 443 1330 tenet
467 1261 502 1331 in
527 1256 644 1347 feodo,
669 1261 787 1330 comes
814 1258 1012 1352 episcopum
1035 1277 1105 1329 non
1128 1255 1290 1354 impediet
1337 1279 1377 1330 er
1402 1279 1441 1332 se
1465 1257 1524 1330 nel
1539 1279 1602 1352 per
1623 1277 1719 1330 suos.

347 1357 514 1430 Dominus
541 1360 722 1454 episcopus
746 1359 924 1428 renunciat
948 1359 1168 1454 promissioni
1192 1357 1284 1430 lacte
1309 1277 1351 1430 de
1376 1356 1595 1431 restituendis
1619 1355 1721 1430 irac-

348 1456 451 1548 tibus,
475 1460 541 1530 ianr
566 1457 748 1554 perceptis.
799 1455 915 1550 Bona,
951 1479 1016 1554 que
1043 1457 1105 1530 Th.
1144 1456 1186 1529 de
1209 1455 1590 1532 Blanchenberob
1616 1455 1720 1550 dedit,

348 1555 406 1629 uel
432 1557 503 1630 dari
528 1556 610 1630 iecit
634 1560 669 1629 in
693 1558 935 1654 proprietatem
960 1561 1138 1655 episcopo,
1161 1555 1322 1630 retinebit
1346 1561 1549 1656 episcopus,
1575 1560 1606 1632 si
1629 1579 1721 1656 pro-

347 1655 460 1730 batum
484 1657 598 1748 fuerit,
624 1656 714 1754 quod
739 1655 858 1729 cadem
883 1656 974 1730 bona
1008 1658 1134 1731 luerint
1165 1655 1206 1730 ub
1239 1661 1375 1754 antiquo
1410 1657 1721 1754 wirseburgensis,

347 1758 405 1830 uel
430 1762 464 1831 in
489 1757 643 1832 manibus
669 1757 943 1833 salamannorum
967 1757 1235 1834 ministerialium
1249 1758 1542 1854 wirzeburgensis
1555 1759 1719 1850 ecclesie,

346 1858 404 1931 uel
440 1857 637 1933 liberorum.
688 1859 742 1931 De
776 1858 960 1932 aduocacia
996 1857 1217 1933 cenobiorum
1254 1859 1465 1936 llilsdori
1499 1869 1535 1934 et
1569 1858 1719 1934 llusen

348 1979 465 2034 eomas
499 1982 539 2035 se
570 1981 641 2032 non
665 1961 875 2032 intromittet.
925 1958 1051 2036 Comes
1088 1962 1215 2033 amicus
1249 1969 1304 2036 est
1341 1963 1507 2050 omnium,
1545 1962 1602 2056 qui
1640 1981 1720 2034 euru

348 2059 560 2132 offenderunt
584 2058 628 2132 de
652 2055 1008 2151 Kalwenbereh,
1043 2063 1246 2133 renuncians
1274 2060 1429 2137 omnibns
1455 2059 1607 2159 dampnis
1633 2063 1719 2152 suls,

251 2207 258 2220 ι
289 2163 291 2170 “
348 2169 383 2232 et
407 2159 458 2232 illi
491 2159 534 2232 de
560 2159 892 2233 Kalwenberclr
932 2171 1009 2236 sunt
1047 2161 1146 2234 amici
1180 2162 1338 2254 comitis,
1377 2165 1617 2238 renunciantes
1656 2181 1719 2258 per

347 2259 636 2436 ttttltttt?
663 2281 756 2434 itt
791 2259 909 2435 til.
923 2261 1720 2438 ⁹l.l²¹¹b{l⁰il⁰rl¹⁰l.¹¹l¹it.⁰.¹'.l⁰il¹¹.i⁰'¹n‘

344 2459 450 2536 libras
475 2483 538 2559 pro
564 2461 716 2559 dampnis
743 2464 815 2536 suis
842 2471 876 2534 et
900 2481 970 2535 non
984 2461 1134 2557 inpediet
1158 2483 1310 2558 eumper
1325 2483 1367 2538 se
1383 2463 1441 2536 uel
1454 2463 1556 2536 alium
1569 2471 1718 2536 castrum

346 2583 442 2636 suum
466 2561 679 2654 reedificare,
704 2565 793 2636 siout
816 2562 911 2635 uelit.
962 2559 1082 2634 Omnia
1106 2572 1218 2634 autem
1245 2560 1369 2642 debent
1391 2584 1501 2660 usque
1527 2562 1570 2637 ad
1592 2561 1718 2636 festum

345 2661 587 2760 purificationis
612 2665 804 2759 proximum
829 2685 911 2737 esse
936 2666 1126 2753 terminata,
1151 2662 1209 2735 uel
1232 2663 1376 2760 predicti
1410 2665 1536 2740 milites
1561 2660 1718 2737 iacebunt

345 2767 381 2836 in
405 2761 493 2836 loeis
520 2763 617 2836 dictis
644 2763 755 2836 donec
778 2767 890 2837 omnia
914 2767 1147 2837 terminentur.
1197 2762 1244 2836 Vt
1269 2775 1381 2838 antem
1413 2764 1480 2837 bec
1508 2764 1605 2838 firma
1628 2785 1716 2860 per-

345 2873 503 2936 maneant
528 2863 682 2939 dominus
708 2865 890 2962 episcopus
915 2885 978 2961 pro
1005 2887 1045 2938 se
1070 2875 1106 2937 ot
1131 2868 1202 2940 stris
1223 2863 1484 2942 successoribus
1511 2877 1546 2939 et
1567 2865 1714 2962 capitulo

346 2983 424 3055 suo,
450 2985 567 3038 comes
591 2985 655 3060 pro
681 2985 722 3038 se
759 2975 793 3038 ct
830 2968 902 3041 suis
927 2963 1109 3040 heredibus
1144 2965 1220 3039 data
1254 2964 1321 3040 lide
1356 2969 1392 3040 in
1429 2987 1548 3042 manus
1588 2964 1715 3041 ducis

344 3062 541 3140 bleranie
563 3067 795 3186 promiserunt
820 3088 861 3142 se
884 3065 1065 3185 iamdicta
1089 3063 1237 3185 fideliter
1250 3075 1505 3188 sematrrrosoet
1518 3077 1716 3186 presentem
1751 3159 1761 3176 .

343 3164 667 3363 {illlildlllli
683 3163 1137 3340 tttttltttltt
1159 3166 1715 3364 ltlttsttttltttttt

342 3365 403 3441 ΜΟ·
423 3365 694 3462 00⁰·XXX110,
730 3366 838 3464 pridie
870 3387 979 3442 nonas
1004 3365 1227 3460 Decembris,
1252 3368 1436 3443 indictione
1460 3367 1537 3463 Vl,
1561 3391 1714 3466 presen-

342 3465 433 3542 tibus
459 3466 596 3542 domino
634 3466 674 3540 0.
701 3466 787 3542 duce
811 3465 988 3560 bleranie,
1026 3463 1069 3540 R.
1096 3471 1220 3540 cornito
1245 3467 1289 3542 de
1312 3467 1451 3560 Kastel,
1476 3470 1520 3544 itt.
1549 3471 1591 3542 de
1614 3469 1714 3542 Wil-

369 3567 463 3660 ercb,
487 3568 526 3641 F.
554 3577 708 3660 cantore,
731 3568 772 3642 ll.
801 3567 954 3658 custode,
980 3571 1146 3663 magistro
1161 3567 1234 3659 W,
1260 3568 1300 3641 G.
1315 3567 1507 3667 Kyselingo
1533 3573 1712 3660 canonico,

341 3589 384 3744 fi.
411 3668 454 3742 de
467 3665 736 3760 scowenborch,
760 3668 802 3745 H.
818 3667 861 3740 de
876 3667 1133 3762 Sonnenbercb,
1157 3667 1198 3742 Ε.
1211 3667 1427 3762 Vorscbone,
1451 3671 1494 3746 ll.
1509 3670 1551 3745 de
1565 3669 1712 3746 lloben-

341 3767 426 3864 nelt,
450 3766 490 3844 0.
518 3768 562 3843 de
584 3768 769 3862 Bastbeim,
793 3765 831 3844 F.
857 3768 1049 3868 llyselingo
1076 3779 1112 3844 et
1136 3767 1216 3844 aliis
1237 3768 1398 3868 pluribus.

549 3995 768 4080 Appendebant
799 3995 869 4061 olm
900 3999 1027 4078 quatuor
1059 3996 1157 4084 sigilla
1187 4013 1227 4062 ex
1247 3997 1304 4064 iilis
1333 4001 1439 4064 sericis
1466 3999 1550 4065 rubri
1582 4005 1614 4066 et
1643 3999 1711 4067 dari

550 4086 677 4167 coloris,
706 4100 834 4170 quemn
853 4079 1033 4164 secundum,
1054 4083 1174 4170 capitult
1194 4087 1316 4152 ruderis
1337 4086 1503 4168 emtestae,
1525 4087 1712 4172 deperditum
