3836 4722
907 325 1127 413 tteumnu

911 579 917 586 ·
954 525 1075 611 scut

903 689 996 788 ‘nuno
1022 691 1113 759 1156.

318 867 538 944 iieboberdus
562 865 856 961 wirseburgensis
882 868 1065 961 episeopus
1089 865 1187 957 lure,
1223 879 1243 934 e
1278 859 1479 955 Burgirerdo
1518 864 1696 963 preposito

318 969 354 1043 S.
381 967 505 1042 iiiiieni
537 967 673 1041 colonis
706 971 742 1039 in
782 965 964 1139 mhffib,
983 963 1272 1137 ippilnfirpdpppuurte
1303 965 1398 1033 inxtu
1432 961 1715 1037 Katnenwiebus·

329 1205 333 1216 '
415 1207 455 1291 ln
478 1212 617 1286 nomine
643 1219 761 1294 sancte
784 1218 820 1288 et
842 1207 1012 1292 indiuiduo
1031 1207 1200 1288 trinitatis.
1218 1203 1505 1292 Gebeberdus
1522 1203 1578 1280 dei
1592 1209 1702 1302 gretie

316 1311 610 1414 niumburgensis
637 1309 821 1410 episeopus
854 1307 1008 1390 omnibus
1042 1307 1226 1392 christiane
1250 1305 1480 1404 professionis
1506 1305 1700 1388 homiuibus

317 1411 463 1497 sulutem
489 1420 524 1484 et
549 1407 671 1504 gaudie
698 1419 818 1490 eterne
843 1407 1075 1488 retributionis
1102 1411 1267 1505 consequi
1292 1410 1326 1476 in
1353 1403 1550 1488 celestibus,
1599 1405 1700 1502 Quo-

315 1511 407 1596 niem
431 1531 478 1585 ex
503 1505 615 1589 diuino
634 1504 896 1608 dispensatione
927 1507 1080 1593 ecclesie
1104 1505 1381 1602 wirzeburgensi
1412 1503 1577 1581 babemus
1611 1528 1700 1602 pre·

316 1631 413 1699 csse,
435 1605 564 1686 idcirco
590 1617 747 1685 nostrum
772 1618 827 1685 est
852 1611 927 1684 eius
951 1607 1075 1683 bononi
1101 1617 1137 1683 et
1152 1606 1286 1681 utiiitcti
1312 1604 1422 1682 modis
1437 1603 1592 1686 omnibus
1609 1625 1702 1686 nunc

316 1719 351 1780 et
375 1709 412 1788 in
460 1717 612 1782 osterum
636 1705 832 1806 prouidere„
868 1705 1029 1783 Omnibus
1043 1710 1156 1800 itaque
1173 1716 1240 1780 tent
1256 1709 1440 1802 presentis,
1464 1727 1562 1800 quero
1586 1703 1701 1788 future

317 1809 417 1885 etatis
436 1730 634 1881 bominibus
669 1810 805 1906 scriptis
841 1807 1059 1904 presentibus
1087 1803 1337 1899 significemus,
1370 1806 1515 1901 quuiiter
1552 1805 1700 1902 Burg-

316 1903 483 1990 inardus
510 1909 620 1982 suncti
643 1903 781 2004 Kpiiuui
802 1909 999 2006 prepositus
1024 1906 1173 1981 consilio
1206 1915 1242 1980 ct
1280 1927 1427 1978 assensu
1463 1905 1603 1983 fratrum
1631 1927 1698 1983 su·

178 1999 184 2006 ’
317 2027 414 2081 orum
441 2003 636 2083 suburbium
661 2003 1134 2096 iuxtuiiutnenwiobus,
1158 2003 1249 2101 quod
1261 1999 1700 2084 videlicetiiiriundes-

182 2396 188 2406 ¹
314 2305 546 2400 unusquisque
569 2305 714 2383 colonus
745 2307 781 2388 in
818 2303 936 2402 uigiiiu
961 2301 1053 2381 boeti
1086 2301 1221 2379 Martini
1254 2301 1312 2376 vl.
1348 2299 1508 2382 denarios
1546 2313 1581 2378 et

315 2115 462 2178 warte
488 2103 630 2196 dicitur,
654 2127 718 2206 por
743 2115 858 2183 certus
882 2107 1079 2183 mansiones
1106 2104 1259 2179 distinxit
1292 2114 1329 2176 et
1359 2103 1515 2196 singulus
1552 2103 1700 2198 singulis

316 2203 453 2290 colonis
478 2204 521 2276 nd
546 2199 796 2282 inhabitandum
822 2209 996 2288 concessit
1021 2203 1084 2278 sub
1109 2203 1173 2276 bue
1189 2201 1391 2278 condicione
1408 2203 1581 2295 uidelicet,
1608 2201 1701 2378 (pund

1637 2327 1700 2387 bd!

315 2403 463 2502 galbeos
502 2403 715 2495 ereolueret3
737 2409 926 2502 quieunpre
941 2413 1053 2480 eutem
1070 2401 1340 2501 supradictorum
1352 2402 1557 2478 colonorum
1569 2427 1699 2501 super-

315 2501 446 2588 sederit
530 2527 549 2575 c
586 2505 751 2602 inplere,
788 2515 949 2580 statutum
985 2513 1066 2592 est,
1103 2502 1193 2600 quod
1227 2499 1398 2576 beneficio
1433 2507 1620 2586 mansionis
1665 2515 1702 2583 et

315 2603 472 2688 omnibus
498 2602 541 2678 ud
566 2626 642 2679 eem
666 2603 912 2699 pertinentibus
937 2611 1055 2676 cernet
1079 2601 1191 2678 donec
1205 2605 1381 2698 preposito
1409 2601 1452 2674 de
1473 2602 1574 2681 domo
1604 2607 1701 2680 iuxto

313 2703 474 2803 pieeitum
499 2724 597 2778 suum
621 2699 892 2784 satisfactionem
910 2701 1113 2798 condignum
1139 2701 1313 2778 exhibent.
1363 2699 1403 2778 Si
1424 2713 1701 2780 aunonensem

316 2825 420 2900 supra
445 2803 652 2877 nominatum
677 2799 767 2874 idem
794 2801 910 2878 coloni
925 2850 929 2860 ,
943 2812 1068 2882 stututo
1099 2812 1253 2900 tempore
1279 2802 1532 2896 persoluerint‚
1568 2814 1701 2884 certum

315 2910 382 2990 est,
407 2897 497 2994 quod
521 2897 654 2995 publice
681 2922 786 2995 opere
824 2903 978 2998 episcopi
1013 2923 1080 2973 neo
1116 2904 1151 2973 in
1177 2904 1324 2998 propriis
1350 2905 1510 2998 personis
1544 2925 1612 2982 nec
1636 2925 1702 2999 per

315 3001 460 3077 nuncios
488 3021 571 3078 suos
585 3021 792 3098 promouere
807 2999 963 3080 debcant.
1000 3001 1130 3074 Pleoitu
1156 3005 1277 3091 eciem,
1303 3024 1368 3096 que
1382 3001 1424 3076 ed
1440 3002 1575 3073 ciuilem
1591 3001 1698 3084 func-

316 3099 450 3170 cionem
474 3099 659 3194 pertinent,
682 3121 753 3173 non
779 3111 921 3197 (prorem
946 3111 982 3172 et
1005 3111 1042 3173 ut
1067 3097 1217 3177 breuiter
1243 3099 1415 3192 dicemus,
1450 3099 1553 3175 nuilis
1581 3122 1697 3176 exuo·-

315 3195 470 3272 cionibus
496 3197 555 3269 uei
586 3197 812 3294 peticionibus
846 3199 1088 3274 aduocatorum
1123 3201 1331 3274 subiaceant.
1383 3199 1547 3274 Pretereu
1580 3213 1700 3276 notum

315 3299 360 3372 sit
392 3297 572 3390 omnibus,
609 3297 698 3392 quod
734 3297 800 3372 duo
826 3299 1061 3393 molendinari]
1089 3299 1131 3371 ed
1157 3297 1276 3374 eedem
1302 3299 1392 3372 bonu
1416 3303 1628 3394 pertinentes
1654 3302 1699 3376 de

314 3395 446 3472 duobus
472 3397 675 3473 molendinis
700 3401 735 3470 in
760 3400 880 3498 vigilie
904 3399 995 3474 beuti
1014 3399 1150 3500 Kpiieni
1175 3399 1396 3476 Viii.vncios
1413 3404 1593 3494 quotannis
1609 3425 1699 3499 per-

314 3495 456 3571 soluere
482 3495 625 3585 debent,
666 3497 753 3570 ulter
786 3497 947 3571 uidelicet
987 3503 1132 3594 quinque
1167 3497 1321 3588 solidos,
1361 3508 1395 3578 et
1429 3499 1516 3574 aiter
1550 3505 1699 3600 quinque

313 3599 446 3670 cneius.
500 3597 575 3684 Quo
601 3595 692 3670 iuoto
718 3596 808 3670 idem
835 3598 1070 3692 molentinertj
1098 3609 1133 3672 et
1158 3621 1278 3671 eorum
1296 3597 1442 3671 heredes
1468 3623 1531 3696 por
1547 3625 1698 3676 sucees-

314 3697 448 3772 sioncm
474 3695 669 3770 molendino
693 3697 753 3768 iiie
777 3697 996 3795 possidentes
1010 3701 1157 3790 iusticie,
1184 3721 1283 3794 quem
1306 3721 1409 3793 supra
1425 3700 1559 3772 colonis
1575 3705 1699 3796 ussig-

312 3798 482 3886 nummus,
507 3797 753 3893 imperpetuum
779 3797 987 3872 subiecerunt.
1027 3797 1071 3872 Vt
1095 3801 1199 3894 igitur
1223 3799 1289 3871 heo
1310 3800 1513 3871 constitutio
1534 3802 1569 3872 in
1595 3823 1700 3876 omne

315 3913 415 3966 enum
454 3893 587 3972 stobiiis
621 3906 657 3970 et
689 3897 892 3973 inconuuisu
923 3909 1143 3996 permaneat,
1184 3921 1260 3972 eum
1295 3901 1490 3972 testimonio
1524 3905 1700 3997 presentis
