3768 4728
584 457 804 556 epicopatus
825 455 1121 554 whaiburgensis.
1477 459 1551 538 288

168 657 341 732 iohannes
367 661 544 754 pincerna,
569 657 774 753 Ruuegems
799 658 843 732 de
869 658 1042 733 Gruthein
1068 670 1104 734 et
1128 659 1186 732 alii
1212 659 1454 756 quamplures.
1490 660 1551 734 leti

168 764 267 832 mium
294 761 451 831 eanomei
477 759 614 832 luerunt
638 771 842 855 presentes,
878 758 935 832 ubi
970 759 1061 833 boue
1095 763 1130 832 in
1164 759 1328 832 Stadelen
1355 759 1492 833 luerunt
1517 766 1551 833 in

168 863 408 956 proprietatem
436 859 610 932 eeclesiae
635 869 756 932 nostre
770 858 860 951 deta,
885 859 1067 934 videlicet:
1095 859 1292 932 Goteiridus
1318 859 1360 932 de
1377 859 1551 954 Swegern

167 960 330 1050 manus,
355 958 594 1054 Engelhordus
619 958 662 1030 de
687 959 935 1048 habenhuson,
959 959 1126 1034 Alhertus
1153 959 1196 1032 de
1222 959 1426 1050 Grindeleh,
1451 960 1551 1034 hier·

10 1111 11 1116 ,
168 1060 314 1155 querdus
341 1057 384 1130 de
410 1058 561 1148 Castele,
588 1057 765 1132 Gunradus
791 1059 834 1132 de
859 1059 1107 1154 Engersberge
1134 1071 1169 1132 et
1191 1059 1248 1130 alii
1264 1059 1380 1156 plures
1395 1064 1552 1133 canonici

169 1158 439 1256 herbipolenses.
491 1161 581 1232 Acta
614 1180 703 1232 anno
739 1159 867 1232 domiui
893 1160 953 1234 ΜΟ·
977 1159 1058 1233 00⁰·
1082 1157 1328 1250 xxxvttm,
1363 1163 1397 1231 in
1430 1179 1552 1236 mense

10 1315 11 1338 i
169 1261 268 1350 lunii,
294 1281 383 1332 aeno
398 1261 617 1356 episcopatus
635 1257 875 1350 nostrinIll.,
902 1259 1088 1336 indictione
1101 1257 1216 1349 xiie,
1243 1269 1322 1355 aput
1335 1257 1549 1354 Nurenberp.

377 1459 514 1542 sigilium
534 1457 697 1528 ilormumt
718 1464 854 1543 episcopi
876 1459 1033 1543 appendet.

786 1905 929 1982 cclix.

548 2105 636 2171 Anno
662 2102 765 2192 1240,
790 2107 817 2174 i.
841 2107 984 2192 ianuarii,
1006 2107 1168 2192 lierblpoll.

169 2291 353 2366 hermanni
385 2289 638 2388 herbipolensis
674 2297 827 2392 episcopi
865 2293 1056 2370 mandatum
1098 2291 1140 2368 ad
1175 2294 1362 2367 universos
1398 2292 1551 2386 abbates,

168 2397 400 2490 praepositos,
426 2392 590 2484 decanos,
615 2395 766 2468 vicarios
794 2404 1001 2492 ceterosque
1028 2393 1254 2468 eeclesiarum
1279 2403 1437 2466 rectores
1464 2396 1550 2466 her-

168 2491 357 2590 bipolensis
384 2493 534 2568 diocesis
561 2493 603 2566 de
627 2496 770 2590 negotio
798 2493 1022 2570 subveniendi
1048 2495 1221 2570 ecelesiae
1236 2492 1472 2592 herbipolensi
1486 2515 1550 2592 pro

562 2591 704 2668 edificiis
731 2594 915 2670 destructis
940 2593 1151 2694 reparandis.

268 2765 547 2838 Hermannus
574 2764 630 2838 dei
655 2769 765 2862 gratie
791 2765 1044 2864 herbipolensis
1070 2769 1254 2862 episcopus
1281 2765 1456 2839 uniuersis
1483 2762 1550 2837 eb-

169 2861 313 2954 batihus,
338 2867 537 2962 prepositis,
563 2863 715 2956 decanis,
741 2869 882 2961 vicerijs
908 2869 1103 2962 ceterisque
1116 2866 1343 2938 ecclesiarum
1357 2863 1551 2938 rectoribus

169 2964 420 3060 herbipolensis
447 2963 611 3056 doceam,
636 2965 679 3038 ad
704 2987 790 3062 quos
816 2970 1014 3064 peruenerit
1036 2987 1184 3063 presens
1203 2969 1378 3062 scriptum,
1404 2965 1550 3039 salutem

169 3068 203 3138 in
228 3087 287 3156 eo,
313 3069 381 3160 qui·
395 3087 461 3140 nos
487 3064 571 3137 lauit
593 3070 763 3161 sanguine
787 3087 862 3141 suo.
914 3067 998 3140 Cum
1024 3065 1180 3140 omndtus
1211 3067 1373 3140 ecclesiis
1406 3063 1505 3140 nobis
1532 3089 1551 3135 a

170 3164 234 3237 deo
262 3168 456 3238 commissis
483 3175 635 3239 nosuum
662 3187 708 3238 ex
743 3166 857 3239 debito
884 3177 1062 3240 teneamur
1095 3166 1276 3239 eonsilium
1314 3177 1349 3238 et
1389 3166 1551 3237 auxilium

170 3268 356 3361 impertiri,
396 3265 445 3336 illi
480 3268 636 3338 nimirum
673 3265 907 3362 herbipolensi
947 3268 1121 3356 ecclesie,
1151 3287 1217 3361 qne
1252 3265 1390 3338 lundata
1424 3275 1477 3338 est
1515 3268 1550 3336 in

172 3365 302 3438 honore
315 3363 504 3439 beatissimi
519 3369 680 3462 martyris
691 3367 816 3459 ililianj
843 3377 878 3438 et
893 3371 1067 3441 sociorum
1083 3370 1172 3459 ejus,
1196 3365 1381 3461 prouidere
1396 3376 1552 3437 tenemur

172 3477 205 3536 et
229 3487 292 3562 pro
320 3463 460 3538 edihciis
486 3468 561 3538 eius
600 3463 857 3538 lacrimabiliter
895 3467 1077 3542 destructis
1116 3469 1150 3538 in
1182 3465 1304 3539 melius
1337 3463 1550 3561 reparandis,

172 3564 365 3638 sollicitudo
392 3565 491 3638 nobis
518 3566 679 3660 specialis
704 3565 873 3640 incumbit
925 3567 977 3640 Ea
1001 3576 1142 3664 propter
1164 3559 1375 3638 dilectissimi
1400 3563 1500 3638 nobis
1516 3567 1550 3635 in

173 3663 321 3755 Christo,
348 3685 434 3760 quos
462 3665 573 3738 diuina
598 3669 750 3762 potentia
776 3665 839 3740 sub
864 3664 987 3738 baculo
1013 3676 1133 3739 nostre
1158 3664 1296 3737 ditionis
1322 3687 1404 3738 esse
1430 3665 1548 3752 uoluit,

173 3768 395 3838 attentissime
422 3787 486 3838 uos
513 3787 676 3859 rogamus
703 3777 739 3838 et
763 3765 827 3838 sub
853 3765 1072 3838 anathemate*
1092 3765 1196 3838 diuini
1220 3764 1334 3836 iudicii
1360 3788 1401 3837 ae
1426 3767 1550 3836 inuir-

173 3874 240 3937 tute
275 3876 394 3938 sancte
434 3866 628 3938 obedientie
667 3865 820 3939 districte
855 3867 1083 3962 precipimus,
1123 3873 1282 3960 quantum
1320 3867 1551 3959 unusquisque

172 3976 321 4040 uestrum
349 3987 470 4040 omnes
495 3963 711 4062 parochiales
737 3975 876 4042 nestros
913 3968 947 4038 in
981 3963 1258 4040 confessionibus
1292 3975 1329 4035 et
1352 3969 1386 4036 in
1413 3963 1549 4060 publico

174 4069 373 4156 amoneatis,
399 4077 434 4137 ut
459 4065 599 4160 quilibet
623 4088 686 4162 pro
712 4087 818 4162 posse
844 4087 908 4140 suo
934 4069 969 4138 in
994 4075 1063 4139 mm
1089 4062 1238 4138 euidenti
1254 4069 1464 4237 ppepssitate
1484 4067 1550 4134 iarn
