3774 4728
900 453 1120 551 haliwelle

901 767 1135 860 cocxtvttt.

811 955 901 1020 notro
926 953 1029 1038 raet,
1053 955 1081 1019 7.
1105 955 1254 1023 octonas.

323 1142 506 1228 deuncos
534 1153 569 1224 el
594 1132 981 1227 Humentn'cemitcs
1008 1143 1051 1224 tle
1076 1144 1305 1230 Hemauharc
1322 1142 1486 1228 miloulos
1502 1141 1710 1218 concordiae

218 1243 220 1254 '
326 1247 415 1315 inter
453 1242 604 1336 iringum
652 1242 931 1338 herbipolensem
972 1247 1172 1342 episcopum
1212 1256 1249 1317 et
1282 1248 1544 1328 uniuersllntem
1584 1247 1712 1318 civium

860 1345 965 1416 initae
989 1342 1170 1440 publicant.

452 1516 514 1579 Nos
538 1513 754 1579 Heinrlcus
777 1521 807 1576 et
829 1511 1097 1598 ller[mannus]
1127 1515 1177 1578 dei
1199 1521 1301 1600 gracia
1322 1521 1448 1580 comites
1471 1515 1509 1582 da
1531 1513 1710 1579 Hennen-

323 1603 418 1668 bcrc
445 1605 577 1684 presenti
610 1605 721 1682 scripto
753 1604 1003 1684 recognoscimus
1033 1605 1063 1675 el
1093 1609 1232 1681 constare
1262 1602 1400 1666 volumus
1427 1605 1595 1681 uniuersis,
1629 1599 1712 1683 quod

324 1687 493 1766 discordia,
525 1704 584 1768 que
617 1691 693 1749 inter
716 1685 919 1750 venerabilem
942 1686 1091 1749 dominum
1115 1693 1250 1752 nostrum
1272 1687 1445 1772 iringum
1466 1686 1713 1769 herbipolensem

323 1779 498 1858 episcopum
520 1791 575 1855 pro
597 1789 632 1834 se
655 1779 686 1834 et
707 1772 838 1839 ecclesia
861 1789 915 1838 sua
939 1779 1085 1854 exparte
1107 1792 1166 1849 una
1194 1781 1224 1835 et
1246 1778 1548 1853 uniuersitatem
1570 1779 1712 1838 ciuium

323 1878 446 1924 suorum
466 1857 805 1940 herbipolensium
839 1867 992 1939 exparte
1024 1857 1118 1922 altera
1146 1857 1318 1922 vertebatur
1345 1877 1437 1943 super
1469 1859 1603 1924 articulis
1634 1859 1713 1922 inira

322 1951 441 2034 scriptis
462 1951 493 2006 et
515 1945 589 2023 aliis,
612 1963 667 2025 per
689 1962 750 2024 que
772 1943 850 2006 dicta
872 1948 982 2026 ciuium
1004 1949 1182 2007 uniuersitas
1205 1952 1287 2025 lura,
1317 1945 1541 2030 iurisdictlopes
1564 1953 1594 2008 et
1613 1943 1712 2016 liber-

324 2039 401 2095 tates
429 2035 524 2112 ipatus
548 2034 682 2112 episcopi
712 2037 743 2090 et
775 2029 909 2091 ecclesle
941 2047 998 2094 suc
1031 2029 1196 2114 infringere
1218 2029 1410 2109 videbantur,
1441 2037 1509 2112 post
1542 2033 1651 2095 multos
1680 2039 1714 2093 et

324 2123 425 2190 tauns
447 2123 589 2188 tracuus
611 2112 773 2184 uncinata
794 2114 908 2182 nuens
930 2115 1130 2180 mediantibus
1153 2116 1284 2180 dominu
1297 2116 1509 2199 Btmepaatto,
1531 2115 1713 2198 ludecano,

323 2205 450 2285 ahisque
472 2205 623 2278 canonicis
637 2200 721 2275 barbi
743 2199 898 2274 aiensibus
919 2201 1057 2280 cenobia
1073 2201 1268 2276 atnobillbus
1293 2207 1365 2275 piris
1387 2201 1418 2266 L.
1443 2203 1483 2267 dc
1497 2202 1712 2284 llicnaclre,

324 2289 359 2354 ti.
382 2288 421 2353 de
443 2277 607 2352 Kastele
630 2219 805 2367 comitihus,
839 2287 897 2350 nt.
926 2287 965 2350 de
988 2287 1185 2352 'lrinbarc
1219 2297 1249 2352 et
1274 2291 1433 2370 plerisque
1467 2288 1711 2369 ministerialibus

323 2379 419 2458 pauo
442 2373 574 2440 ecclesie
595 2371 714 2436 namn
736 2377 781 2435 sle
802 2371 998 2451 andcahilller
1028 2381 1075 2437 eat
1098 2373 1209 2438 decisa
1254 2371 1421 2453 Videbunt,
1449 2373 1532 2456 prod
1565 2373 1714 2438 dictorum

324 2465 434 2534 *lituu
455 2461 637 2534 romelia
658 2463 687 2530 ln
710 2458 829 2540 publico
858 2458 967 2540 potato
990 2459 1099 2528 donini
1120 2465 1257 2542 episcopi
1292 2468 1479 2544 congregata
1509 2465 1716 2542 pneudsauml

324 2545 444 2632 domino
465 2549 611 2630 episeopo
631 2551 663 2606 et
684 2544 818 2611 ecclesie
845 2561 904 2622 aue
926 2549 1024 2611 cauria
1043 2549 1126 2626 iura,
1155 2547 1378 2624 iansdictionas
1411 2553 1442 2611 at
1464 2546 1617 2622 libertates
1640 2562 1714 2622 suns

324 2628 469 2721 deinceps
492 2645 675 2705 conseruere
697 2629 809 2710 illesas,
832 2636 864 2692 el
885 2629 966 2709 duod
988 2634 1084 2711 lusum
1107 2631 1257 2700 domitium
1275 2638 1449 2714 episcopum
1471 2639 1501 2702 et
1516 2649 1589 2720 supa
1612 2649 1714 2702 etua-

324 2724 418 2797 nicos,
441 2723 533 2780 toturn
553 2717 682 2794 elerum,
704 2713 820 2783 nobiles
843 2723 925 2778 terre
948 2718 1219 2798 ministerialesque
1242 2719 1374 2790 ecclesie
1407 2717 1495 2801 plene
1529 2724 1559 2780 et
1583 2717 1714 2798 pacifice

323 2802 460 2890 gaudere
474 2806 701 2884 ⁴permittent'et
724 2799 894 2864 consistere
915 2803 947 2862 in
969 2806 1044 2880 iure,
1066 2801 1204 2874 libertate
1227 2809 1257 2864 et
1279 2805 1394 2868 honore
1415 2817 1482 2882 suo,
1504 2805 1534 2865 ln
1547 2814 1608 2886 qno
1621 2812 1712 2867 ante-

325 2903 466 2953 cessores
489 2905 593 2960 eorum
616 2887 653 2949 ab
676 2891 805 2967 annonis
821 2886 1006 2968 temporibus
1021 2897 1261 2969 permanserunt.
1306 2887 1379 2952 ltern
1398 2892 1609 2970 promiserunt
1631 2887 1713 2972 quod

325 2975 469 3058 deinceps
492 2992 552 3038 uon
573 2973 689 3056 eligent
710 2971 839 3035 llllhlb'
857 2977 908 3043 aul
928 2971 1031 3053 plures
1054 2981 1104 3037 arnt
1123 2980 1285 3058 pauciores
1307 2975 1425 3056 ¹altstpao
1447 2975 1558 3038 domitu
1576 2979 1714 3057 episcopt

322 3063 445 3136 beanda
467 3051 599 3142 speciali
643 3057 716 3130 lietu
737 3061 950 3140 neutrarum,
972 3058 1052 3138 duod
1074 3067 1224 3130 monetam
1243 3066 1392 3143 episcopt,
1416 3077 1506 3141 auam
1525 3077 1614 3126 mora
1636 3079 1713 3142 pre-

326 3147 523 3222 decessorum
547 3162 670 3210 suorum
692 3143 760 3223 cpdi
783 3141 874 3209 iaciat
893 3148 924 3206 iu
941 3148 1061 3211 ciuitate
1072 3144 1289 3231 herbipolensi,
1311 3151 1460 3230 recipiant
1481 3163 1541 3216 neti
1557 3147 1715 3228 imorem

325 3251 447 3302 cursuro
468 3236 543 3312 elus,
567 3227 623 3292 sad
645 3227 723 3301 bona
746 3226 806 3301 lida
826 3247 882 3314 pro
904 3246 997 3310 possa
1019 3233 1309 3314 suoproutouebunt
1331 3251 1397 3303 earn
1418 3236 1512 3314 recipi
1535 3235 1565 3304 iu
1581 3237 1713 3314 ctutmte,

326 3328 356 3381 et
377 3325 428 3401 qui
451 3315 577 3380 eandem
599 3320 736 3398 recipere
759 3316 898 3392 noluerit,
921 3311 958 3378 ad
980 3323 1106 3400 gratiam
1128 3317 1239 3380 domini
1262 3321 1394 3402 episcopi
1418 3311 1595 3382 errrarrdabit.
1638 3317 1713 3397 llam

325 3409 534 3486 promiserunt,
558 3397 638 3482 quod
661 3405 811 3476 annuatim
831 3399 943 3464 dabunt
965 3400 1084 3465 dontino
1108 3409 1251 3486 episcopo
1272 3407 1439 3486 precariam
1461 3421 1546 3466 suam
1561 3404 1713 3486 exprcdite,

325 3497 402 3553 stoan
424 3488 561 3551 lecerunt
582 3483 852 3568 predecessoribus
874 3492 937 3550 stris
951 3503 1035 3550 mere
1058 3488 1158 3552 debito
1183 3497 1211 3552 et
1232 3497 1391 3554 consueto.
1436 3487 1473 3551 tta
1495 3494 1573 3552 sicut
1590 3489 1629 3552 de
1644 3495 1713 3569 iure

325 3582 476 3654 tenemur,
499 3573 555 3636 alia
578 3571 634 3636 sihi
655 3575 784 3642 sanun
805 3571 933 3638 fideliter
955 3573 1146 3638 ealdbebuut.
1192 3573 1355 3639 Consilium
1387 3578 1474 3638 etiam
1505 3583 1535 3637 et
1570 3575 1712 3638 auxillum

326 3667 492 3744 conpetens
513 3656 687 3740 prostabant
709 3659 817 3738 otton,
840 3663 866 3727 ai
888 3677 943 3741 pro
966 3659 1145 3734 detonsione
1166 3664 1299 3742 ipsorum
1323 3665 1432 3729 ctutum
1455 3667 1484 3724 et
1499 3667 1582 3742 pacis
1597 3661 1711 3730 ohser-

325 3753 426 3814 uanlta
448 3751 545 3833 ipsum
580 3748 755 3828 episcopum
786 3745 924 3813 laborare
956 3751 1124 3830 contigeret
1156 3754 1186 3809 et
1218 3747 1255 3815 ab
1286 3745 1395 3812 eodem
1426 3745 1538 3813 haunt
1563 3753 1710 3828 requisiti.

326 3830 401 3897 ltern
423 3836 643 3914 promiserunt,
676 3830 757 3912 quod
780 3829 925 3912 deinceps
947 3829 986 3894 da
1009 3830 1143 3895 Judeis
1173 3841 1204 3896 et
1236 3851 1343 3903 altrum
1364 3837 1504 3918 negociis
1533 3837 1610 3896 inter
1642 3838 1711 3916 epi-

326 3935 450 4002 scopum
474 3925 503 3980 et
524 3921 608 4000 ipsos
631 3913 648 3978 J
656 3916 786 3997 udeos,
810 3933 845 3979 se
868 3915 1040 3983 nullatanus
1061 3921 1254 3983 intr-emittent
1288 3919 1325 3985 ad
1346 3917 1580 4000 inpedimentum
1602 3920 1712 3987 doruiul

326 4008 471 4085 episcopi,
493 4009 541 4065 set
561 4006 742 4083 permittent,
764 4006 861 4083 ipsum
877 4001 1012 4084 gaudere
1033 4007 1099 4065 iure
1122 4019 1179 4067 suo
1202 4012 1231 4066 et
1253 4003 1377 4068 liberam
1399 4003 1510 4066 habere
1532 4011 1711 4087 potestatam

327 4097 357 4156 et
379 4089 540 4154 dominium
560 4091 591 4152 lu
614 4085 739 4151 modam
783 4085 820 4151 tit
842 4085 923 4169 quod
944 4091 1002 4169 ipsl
1025 4093 1108 4160 ciues
1131 4087 1255 4155 eosdem
1277 4087 1425 4155 ludens
1456 4107 1515 4154 non
1543 4089 1712 4176 manabunt
