3774 4728
917 403 1135 526 uelamenta

912 787 1141 863 cccxxix.

670 990 763 1056 Anno
785 986 890 1071 1257,
913 987 964 1053 25.
987 985 1068 1069 tutu,
1091 984 1170 1072 apud
1190 985 1382 1070 wirceburg.

336 1179 473 1274 lringus
502 1181 686 1276 episcopus
713 1175 966 1273 herbipolensis
979 1174 1070 1248 hona
1094 1177 1130 1247 in
1148 1171 1377 1271 Oppherheia,
1403 1192 1491 1268 quae
1505 1169 1722 1247 Wollramus

336 1281 437 1354 miles
463 1278 506 1352 de
532 1275 808 1352 Witoldishusen
833 1277 876 1352 ab
911 1276 1063 1352 ecelesia
1090 1273 1323 1370 herbipolensi
1359 1275 1394 1348 in
1428 1271 1532 1348 laedo
1566 1280 1725 1348 tenuerat

337 1392 374 1453 et
398 1383 609 1454 monasterio
649 1377 845 1476 Celiportae
880 1377 1102 1467 vendiderat,
1143 1375 1255 1450 eidem
1288 1375 1499 1448 monasterio
1534 1371 1725 1464 confirmat,

336 1481 567 1556 Wolhammo
594 1489 705 1552 autem
731 1477 853 1552 hubam
879 1479 967 1576 apud
990 1475 1169 1568 Etheleib,
1194 1498 1293 1572 mam
1320 1474 1409 1552 idem
1435 1472 1609 1550 ecclesiae
1635 1473 1725 1550 her-

502 1579 674 1677 bipolensi
698 1582 733 1652 in
758 1589 949 1654 restaurum
974 1577 1171 1668 tradiderat,
1196 1580 1230 1650 in
1255 1575 1395 1652 leodem
1419 1574 1564 1650 confert.

437 1749 463 1822 l.
489 1773 523 1823 n.
551 1772 580 1823 s.
610 1773 640 1822 e.
668 1751 690 1820 i.
718 1759 741 1820 t.
792 1746 866 1824 Nos
892 1745 1075 1844 lringns
1102 1747 1281 1844 deigratia
1300 1745 1554 1844 herbipolensis
1571 1745 1725 1822 ecclesie

338 1852 524 1948 episeopus
552 1847 707 1924 omnihus
721 1847 847 1924 Christi
865 1845 1020 1920 fidelihus
1035 1847 1180 1923 salutem
1206 1851 1241 1922 in
1257 1871 1342 1924 uero
1359 1847 1500 1922 salutari
1517 1903 1526 1919 .
1544 1901 1552 1918 .
1570 1903 1578 1918 .
1605 1857 1726 1922 notum

338 1973 421 2024 esse
448 1953 600 2048 cupimus
625 1961 692 2022 tam
719 1946 936 2046 presentibus
971 1971 1069 2046 quam
1094 1949 1237 2041 futuris,
1271 1947 1360 2046 quod
1394 1971 1460 2022 nos
1490 1945 1726 2024 uenditionem

337 2051 506 2124 bonorum
545 2048 753 2148 quorundam
793 2051 828 2122 in
866 2048 948 2120 uilla
982 2047 1290 2146 Oppherhein,
1330 2072 1392 2148 per
1425 2047 1727 2124 Wollramum

337 2149 488 2226 melitem
515 2149 557 2222 de
582 2147 951 2226 Witoldishusen
976 2148 1099 2222 laetam
1134 2149 1312 2244 religiosis
1339 2149 1537 2227 dominabus
1563 2149 1727 2224 uidelicet

337 2253 547 2326 Pitrisse
574 2249 745 2326 abbatisse
771 2253 1000 2324 eteonuentui
1016 2253 1215 2324 monasterii
1241 2247 1499 2347 Geliporta,
1524 2273 1590 2346 que
1613 2249 1723 2324 dietus

339 2352 616 2426 Woliramus
644 2376 664 2424 a
688 2349 788 2426 nohis
815 2353 952 2424 nomine
969 2349 1120 2426 ecclesie
1132 2360 1252 2428 nostre
1271 2353 1306 2424 in
1321 2349 1426 2425 laodo
1439 2349 1591 2442 tenebat,
1616 2363 1724 2424 ratam

338 2464 373 2526 et
398 2463 528 2548 gratam
555 2449 717 2526 hahemus
744 2474 918 2526 consensu
955 2461 989 2524 et
1015 2453 1189 2526 uoluntate
1224 2453 1334 2524 nostri
1360 2452 1497 2548 capituli
1522 2451 1720 2526 accedente.

337 2554 375 2626 ln
401 2576 543 2650 quorum
555 2549 723 2626 bonorum
739 2555 1084 2648 reconpensationem
1100 2560 1135 2626 et
1158 2561 1350 2624 restaurem
1366 2551 1555 2626 antedictus
1575 2551 1722 2626 Wolf-

337 2674 486 2726 ramus
512 2656 755 2750 proprietatem
783 2675 902 2744 suam,
937 2651 1099 2725 uidelicet
1134 2649 1254 2722 hubam
1294 2651 1460 2748 quandem
1496 2656 1596 2724 sitam
1634 2651 1723 2750 apud

338 2751 529 2842 Eteleib,
556 2753 708 2824 ecclesie
733 2761 854 2826 nostre
879 2751 1101 2841 contradidit,
1126 2753 1234 2848 ipsam
1260 2749 1405 2826 anobis
1433 2755 1467 2826 in
1492 2751 1597 2828 feodo
1624 2755 1723 2826 reci-

337 2851 474 2952 piendo.
527 2850 599 2925 Nos
625 2855 738 2948 itaque
765 2851 929 2925 dictorum
955 2850 1123 2925 honorum
1150 2849 1249 2926 nobis
1288 2851 1377 2926 lacta
1410 2855 1647 2947 resignatione
1681 2851 1727 2928 ad

338 2953 462 3051 prelati
487 2949 729 3024 Wollrami
754 2961 790 3024 et
815 2952 1023 3048 quorundam
1050 2953 1193 3026 allorum
1208 2955 1401 3026 instantiam
1424 2949 1618 3050 supradicta
1633 2953 1726 3028 bona

340 3059 375 3126 in
404 3051 683 3148 Opphirbein
721 3051 1017 3126 aWollramo
1052 3075 1159 3150 usque
1194 3077 1284 3126 nunc
1323 3077 1491 3149 possessa
1525 3058 1725 3128 memoratis

342 3153 514 3226 abbatisse
541 3161 576 3224 et
601 3155 783 3226 conuentui
818 3157 1017 3226 monasterii
1043 3151 1279 3250 Celiporte
1320 3152 1450 3230 ordinis
1490 3158 1725 3228 cisterciensis

343 3253 386 3326 de
413 3275 586 3326 consensu
613 3253 750 3350 capituli
776 3256 886 3328 nostri
912 3263 947 3324 et
980 3253 1023 3326 de
1049 3253 1247 3350 prudentum
1282 3256 1432 3328 uirorum
1466 3255 1613 3330 consilio
1648 3267 1725 3328 tra-

344 3355 453 3427 dimus
478 3351 590 3426 libere
616 3364 652 3426 et
676 3355 790 3449 quuiete
810 3357 889 3448 jure
915 3365 1081 3450 perpetuo
1107 3353 1325 3452 possidenda.
1377 3353 1429 3428 Ne
1455 3359 1558 3452 igitur
1582 3355 1725 3454 prefatis

342 3451 547 3528 monialibus
573 3463 610 3526 et
634 3477 749 3526 earum
777 3457 987 3528 monasterio
1014 3478 1118 3551 super
1143 3453 1334 3529 huiusmodi
1361 3460 1534 3554 emptione
1561 3455 1726 3530 etdona-

343 3558 437 3627 tione
462 3561 582 3626 nostra
607 3551 740 3625 dubium
767 3553 902 3652 aliquod
927 3555 985 3628 uel
1011 3558 1144 3652 questio
1171 3559 1327 3630 nocitura
1352 3559 1386 3629 in
1412 3567 1588 3653 posterum
1613 3561 1726 3654 possit

345 3657 441 3744 oriri,
466 3674 611 3748 presens
638 3658 798 3749 scriptum
825 3677 929 3751 super
954 3655 1021 3727 hoe
1047 3655 1218 3730 conscribi
1243 3655 1386 3729 lecimus
1420 3667 1456 3729 et
1482 3655 1588 3752 sigilli
1614 3662 1725 3731 nostri

345 3765 381 3840 et
405 3753 542 3850 capituli
574 3757 684 3826 nostri
716 3757 897 3826 munimine
934 3755 1077 3830 lecimus
1110 3757 1278 3832 roborari.
1331 3757 1476 3832 Testes:
1513 3759 1725 3834 venerabilis

345 3855 502 3930 dominus
527 3853 708 3926 Heinricus
734 3858 917 3951 episeopus
956 3855 1076 3931 domus
1102 3855 1320 3931 theuthonico
1353 3855 1462 3934 dictus
1488 3857 1531 3928 de
1554 3859 1725 3951 Rrueaen,

344 3957 466 4053 Bappo
491 3957 601 4026 maior
625 3958 834 4050 prepositus,
857 3956 1033 4029 Amoldus
1061 3957 1221 4051 decanus,
1245 3957 1451 4032 Berhtoldns
1466 3957 1724 4036 archidiaconus

347 4055 391 4142 de
431 4051 638 4144 stambere,
677 4053 903 4167 Manegoldus
941 4057 1199 4138 archidiaconus
1238 4055 1280 4144 de
1312 4057 1542 4153 Niwenburc,
1585 4059 1723 4152 cleriei3
