3774 4728
588 415 805 511 episcopatus
832 415 1122 510 wirciburgensis.
1329 409 1331 418 ’
1474 411 1547 499 353

164 621 352 688 statuentes
378 613 616 688 nichilominus
644 615 686 687 de
713 638 887 690 consensu
912 621 1021 692 nostri
1049 617 1186 712 capituli
1213 615 1384 712 predictos
1405 637 1545 689 mansos

165 723 198 784 et
223 714 378 810 quicquid
404 719 438 788 in
463 713 691 788 Bibelriet
718 727 925 809 memoratus
953 739 1070 788 comes
1109 741 1128 787 a
1155 715 1254 788 nobis
1291 718 1427 788 nomine
1454 715 1545 787 leodi

164 813 381 908 possidebat,
408 838 542 889 necnon
578 826 612 886 et
639 839 699 905 ea,
727 815 824 910 [que]
842 811 869 909 ¹)
896 811 1016 896 ibidem
1046 821 1117 888 iure
1142 817 1362 912 proprietatis
1390 813 1545 898 habetat,

164 912 322 985 iratribus
355 918 543 1010 pretaxatis
583 915 744 1010 deinceps
782 920 814 990 in
842 920 1084 1012 proprietatem
1109 915 1250 988 liheram
1279 924 1313 985 et
1338 914 1484 986 solutam
1513 918 1546 986 irr

164 1023 362 1106 perpetuum
389 1017 544 1088 attinere.
597 1013 687 1086 Nulli
715 1037 801 1109 ergo
829 1015 999 1088 hominnm
1026 1016 1129 1086 liceat
1155 1015 1412 1108 hancpaginam
1427 1024 1546 1086 nostre

165 1109 429 1194 confirmationis
456 1135 520 1187 seu
545 1117 659 1186 statuti
676 1113 876 1208 'intringere
902 1115 959 1190 uel
985 1117 1016 1186 ei
1036 1137 1128 1189 aneu
1151 1117 1339 1198 temerario
1363 1115 1556 1196 contraire.;

142 1231 300 1284 -omnem
326 1213 704 1308 eciam-calumpniam,
738 1235 835 1308 quam
870 1214 971 1289 iidem
1010 1213 1134 1294 iratres
1161 1235 1264 1310 snper
1290 1213 1418 1298 eisdam
1446 1213 1545 1288 bouis

165 1312 298 1406 possint
323 1314 356 1386 iu
383 1324 558 1408 posterum
585 1335 646 1408 par
671 1313 857 1388 obliuionis
883 1313 1096 1389 inconrmoda
1124 1326 1180 1405 aut
1207 1339 1225 1388 a
1253 1317 1546 1413 nostrissuooes-

166 1411 300 1482 soribus
339 1423 395 1483 aut
431 1436 451 1483 a
486 1413 630 1486 dominis
657 1417 765 1486 nostri
806 1415 941 1510 capitali
980 1415 1036 1485 uel
1078 1413 1118 1485 ah
1158 1412 1339 1486 heredibus
1381 1411 1545 1506 sepedicti

12 1499 13 1594 Ϊ
166 1513 298 1584 comitis
325 1515 510 1602 sustinere,
536 1513 638 1608 plene
664 1518 826 1609 amputari
853 1514 1026 1603 uolentes,
1052 1524 1247 1611 presentem
1263 1513 1407 1583 litteram
1420 1511 1546 1584 exinde

12 1627 13 1706 ζ
166 1614 391 1708 conscriptam
407 1611 532 1705 sigillis
558 1623 698 1702 nostro,'
718 1619 827 1686 nostri
842 1614 978 1709 capituli
1004 1617 1213 1710 etpretariatt
1230 1611 1392 1685 liridoriei
1412 1615 1546 1684 comitis

12 1723 13 1736 ¹
166 1713 327 1784 iussimus
364 1713 574 1786 communiri.
602 1734 606 1748 ¹
635 1713 760 1786 Testes
802 1714 899 1786 huius
942 1718 992 1786 r'ei
1030 1724 1130 1788 sont:
1173 1711 1349 1786 Araoldus
1397 1712 1547 1792 decurras

12 1869 14 1902 p
167 1813 287 1901 maior,
313 1811 527 1886 Hermanaus
564 1813 714 1886 decanus
741 1818 822 1886 noui
849 1817 1066 1904 monasterii,
1103 1809 1316 1886 Barchardos
1343 1811 1386 1882 de
1412 1810 1548 1883 Euers-

12 1917 13 1978 t
166 1911 270 2006 perch
298 1911 525 2002 scolasticus,
561 1913 737 1986 Guuradns
765 1913 807 1986 de
833 1910 1040 1986 hitterberch
1068 1925 1207 2000 cantor„
1233 1912 1312 1984 Otto
1339 1912 1382 1982 do
1407 1907 1548 1984 hohde-

164 2009 251 2104 hnrg
277 2022 418 2100 custos,
457 2011 535 2086 (ltto
562 2012 605 2086 da
631 2009 1027 2107 Literherch‚·lrlngus
1067 2013 1110 2085 de
1142 2003 1353 2104 lloheuhurg
1392 2007 1547 2083 canonici

12 2103 14 2160 l
166 2113 306 2184 maioris
332 2111 506 2202 ecclesie,
533 2111 679 2186 Sitridus
706 2114 871 2210 plebanus
898 2117 1026 2204 maior,
1063 2109 1141 2184 tltto
1167 2111 1332 2208 plebanas
1359 2116 1392 2212 iu
1422 2111 1560 2196 Sarda*

165 2210 385 2284 wernherus
409 2215 568 2308 scriptor,
594 2213 828 2286 Theodericus
854 2217 1019 2302 notarius,
1045 2217 1200 2285 mnonici
1226 2215 1307 2284 noui
1329 2213 1548 2296 monastarii3

12 2341 13 2358 κ
165 2310 263 2383 laici:
291 2311 484 2386 Fridericas
510 2333 629 2386 comes
655 2312 697 2386 de
725 2311 977 2402 Glettenhereh,
1003 2313 1197 2385 Fridericas
1225 2311 1266 2382 de
1295 2305 1547 2398 Krensosoao

167 2407 446 2507 consponsali,
481 2409 561 2485 Otto
589 2412 816 2488 Wolueslrel.
857 2411 1031 2486 lohannes
1058 2409 1342 2498 llolscholteine‚
1379 2409 1546 2489 ilenricos

165 2515 341 2606 pincerna,
368 2511 543 2586 Ouuradns
560 2512 830 2610 Torsodapileu
857 2512 1091 2586 Theodericus
1118 2510 1161 2583 de
1177 2508 1403 2608 Oppherhcin,
1424 2503 1557 2580 walt—¹

165 2633 280 2684 ramus
315 2611 357 2684 de
391 2611 699 2704 Witoldeshusen‚
735 2613 902 2687 Henricus
929 2613 1068 2706 Pinguis
1110 2611 1198 2684 ultra
1235 2611 1400 2704 mogum,
1434 2609 1547 2680 Bruno

165 2711 306 2783 lluenac
340 2722 375 2783 et
401 2713 458 2784 alii
485 2713 712 2810 quamplures.
758 2715 887 2785 'Actum
915 2712 1002 2809 apud
1028 2705 1257 2804 wirceburg.
1296 2729 1384 2784 anuo
1421 2707 1548 2780 domini

13 2839 14 2846 ¹
166 2809 258 2882 mcc
284 2814 564 2908 quinquagesimo
590 2818 713 2910 primo,
740 2835 860 2886 mense
885 2812 1009 2902 hlartii
1037 2811 1220 2885 indictione
1247 2810 1375 2900 vult,
1409 2807 1548 2906 pontili-

13 2927 14 2932 ’
167 2920 260 2984 catus
287 2917 396 2986 nostri
424 2935 513 2985 anno
539 2917 706 2988 vicesimo
734 2924 865 3021 sento.¹

375 3113 416 3176 Es
453 3114 559 3261 sigplhs
597 3113 745 3196 quondam
782 3119 923 3198 appensis
962 3121 1072 3178 tantum
1112 3111 1184 3177 tllnd
1216 3111 1376 3174 Hormaaui
1417 3115 1549 3192 episcopi

375 3217 523 3281 superes.

381 3310 406 3392 ¹)
429 3313 535 3378 Glrerta
558 3311 860 3399 lticpcrlorataest.
1091 3333 1154 3394 :²
1329 3359 1357 3379 .,
1485 3355 1489 3369 ,

193 4183 243 4230 lea.
259 4183 311 4221 Belo.
328 4181 370 4220 rer.
385 4177 470 4218 tutu.
486 4187 531 4218 aaa.
546 4177 592 4218 cell.
607 4175 629 4236 h.
