3774 4728
573 451 789 544 episcopatus
815 448 1109 570 prirniburgensis.
1183 475 1185 491 ·
1479 449 1548 520 167

171 647 316 720 reddens
342 646 551 736 creditores,
592 647 682 742 qnod
717 647 806 721 bone
832 651 906 744 ipse
944 651 977 722 in
1005 649 1092 722 ebes
1118 657 1270 744 sumptus
1297 671 1366 722 non
1393 671 1549 722 conver-

171 758 303 837 tantur,
329 751 395 820 nisi
422 745 463 819 ed
489 745 756 844 redemptionem
783 751 960 843 pignorum
997 759 1031 822 et
1068 748 1222 822 obsidum
1261 749 1453 839 ecelesiae,
1494 753 1549 844 qui

170 847 337 920 boloniae
364 846 564 920 detinentur.
1001 870 1002 874 ¹

379 1046 494 1108 rernm
516 1051 545 1108 n
567 1046 643 1110 non.
669 1046 749 1112 nore.
773 1047 836 1112 vor.
861 1025 973 1126 urens
988 1046 1018 1112 r.
1042 1047 1063 1126 1,
1085 1067 1154 1132 pag.
1177 1045 1240 1111 soe
1263 1047 1547 1112 uecoocnxxv.

774 1479 933 1552 cdxvii.

759 1682 844 1743 Anno
871 1676 960 1744 1205.

170 1879 320 1951 Perseus
367 1884 505 1953 maioris
556 1881 728 1953 ecclesius
771 1881 976 1953 Wiroeburo
1013 1880 1162 1954 decenus
1196 1903 1368 1954 consensu
1410 1886 1546 1980 capituli

171 1978 341 2074 hospitale
369 1979 403 2052 S.
440 1980 552 2074 Egidii
592 1986 626 2052 in
661 1984 799 2052 civitate
840 1992 917 2052 ente
955 1980 1112 2075 palatium
1150 1983 1302 2077 episcopi
1338 1986 1437 2055 siturn
1472 2007 1548 2058 curn
1586 2035 1588 2047 ·

171 2078 326 2151 omnibus
354 2083 565 2174 pertinentiis
581 2085 651 2154 suis
667 2081 879 2250 iraterpituti
905 2103 993 2251 ppple
1017 2080 1137 2152 dicitnr
1149 2081 1421 2176 capellanorum,
1450 2085 1549 2156 tradit

728 2203 771 2274 gn
797 2203 901 2252 ernen
984 2236 991 2251 .

272 2335 310 2406 C.
362 2335 399 2408 in
425 2339 562 2408 nonrine
588 2339 692 2431 petris
720 2348 753 2407 et
779 2335 838 2407 iiiii
863 2346 896 2406 et
923 2337 1060 2430 spiritus
1085 2339 1203 2407 suncti.
1245 2335 1322 2428 Ego
1349 2337 1548 2412 Perseus

170 2437 309 2508 maioris
338 2435 705 2526 ecclesieWirnebure
730 2437 889 2507 decanus.
927 2435 1277 2524 Fenercturdomino‚
1296 2439 1351 2528 qui
1368 2442 1550 2510 miseretur

169 2539 329 2630 pauperis
356 2545 391 2607 et
415 2535 681 2607 uicissitudinem
708 2558 801 2608 suom
829 2535 947 2606 reddet
974 2539 1018 2623 ei,
1045 2535 1225 2605 etiterum
1252 2533 1384 2624 dieitur,
1410 2539 1466 2633 qui
1493 2535 1549 2608 dot

171 2637 312 2730 pauperi
337 2658 405 2707 non
432 2635 614 2728 indigebit3
642 2639 696 2730 qui
723 2634 866 2730 despicit
889 2633 1140 2730 deprecantem‚
1167 2633 1346 2707 sustinebit
1361 2640 1545 2731 penuriam.

170 2733 205 2806 ld
233 2737 326 2806 circo
354 2739 469 2830 pietati
495 2735 640 2807 fidelium
669 2735 818 2807 sollicite
846 2735 1104 2820 curandumest‚
1129 2743 1165 2804 ut
1190 2733 1328 2807 inbono
1347 2740 1548 2834 operatione

172 2836 230 2906 uel
259 2856 343 2908 sene
371 2835 580 2908 consulendo
621 2836 676 2905 uel
704 2837 825 2908 saitem
852 2838 1114 2930 conpassionero
1148 2833 1337 2908 adhibendo
1365 2858 1549 2934 pauperum

172 2933 434 3008 necessitutibus
449 2938 577 3008 intente
594 2932 777 3008 deuotione
793 2936 959 3028 inuigilet‚
987 2937 1020 3005 in
1036 2933 1239 3030 pauperibus
1256 2939 1346 3008 enim
1364 2957 1549 3032 personam

173 3035 299 3106 domini
322 3038 618 3128 recognoscimus,
644 3039 787 3108 ueritate
816 3045 1009 3123 attestante,
1036 3058 1098 3129 quc
1125 3037 1192 3106 cit:
1233 3035 1396 3132 Quicquid
1422 3041 1478 3110 uni
1505 3059 1551 3109 ex

173 3137 317 3206 minimis
345 3139 429 3206 meis
456 3139 530 3208 istis
556 3135 704 3226 fecistis,
726 3135 826 3206 miehi
851 3135 993 3206 fecistis.
1047 3136 1285 3232 Quapropter
1318 3147 1434 3212 notum
1469 3159 1550 3208 esse

174 3239 272 3330 cupio
300 3244 367 3306 ta'm
393 3235 512 3308 suturis
541 3234 665 3308 Christi
691 3233 845 3307 fidelibus
873 3257 970 3329 quom
996 3233 1233 3330 presentibus,
1266 3235 1355 3328 quod
1381 3259 1448 3330 ego
1476 3259 1551 3308 eum
1640 3329 1645 3346 .
1674 3323 1677 3334 .

172 3339 275 3408 totius
303 3335 439 3428 capituli
464 3338 573 3406 nostri
600 3358 773 3408 consensu
800 3335 969 3430 hospitale
996 3340 1103 3406 suncti
1122 3334 1235 3427 Egidii
1261 3337 1293 3404 in
1310 3339 1445 3406 ciuitate
1471 3346 1550 3406 unte

174 3435 331 3530 palatium
358 3433 484 3506 domini
512 3439 665 3531 episcopi
691 3439 789 3508 sitnm
825 3458 899 3508 curn
927 3435 1082 3530 omnibus
1115 3425 1327 3529 pertinentiis
1355 3438 1447 3526 suis,
1487 3457 1550 3529 que

174 3539 206 3606 in
233 3537 370 3604 ciuitate
397 3545 474 3605 sunt
498 3535 555 3606 uel
584 3547 681 3607 extro
709 3539 890 3622 ciuitatem,
916 3535 1128 3624 fraternitati,
1154 3557 1219 3628 que
1246 3534 1367 3608 dieitur
1392 3533 1549 3629 capello-

175 3639 314 3723 riorum,
339 3633 440 3728 pleno
467 3637 541 3706 iure
568 3635 686 3707 tradidi
713 3633 979 3730 gubernandum,
1005 3645 1041 3706 ut
1067 3645 1102 3705 ot
1126 3632 1329 3729 pauperibus
1348 3632 1470 3705 ibidem
1486 3657 1551 3705 re-

177 3733 340 3829 cipiendis
367 3735 513 3808 consilio
541 3757 659 3806 eorum
685 3739 718 3806 in
745 3739 897 3829 presenti
924 3747 958 3804 et
984 3738 1017 3805 in
1044 3735 1155 3805 futuro
1184 3734 1305 3804 melius
1333 3733 1552 3828 prouidentur

178 3845 209 3904 et
233 3857 293 3906 res
321 3833 471 3924 ciusdem
499 3833 677 3930 hospitalis
704 3833 872 3929 prioribus
899 3832 1107 3930 temporibus
1134 3855 1195 3929 per
1222 3835 1343 3905 multos
1378 3844 1412 3904 et
1438 3837 1551 3908 uerius

175 3955 356 4028 personas,
383 3957 445 4028 que
472 3933 512 4005 ud
538 3939 693 4028 regimen
721 3934 872 4008 eiusdem
898 3934 966 4006 ioci
992 3931 1167 4024 substitute
1196 3943 1291 4024 sunt,
1332 3955 1400 4005 non
1427 3943 1553 4006 tentum

180 4035 352 4126 neglecte,
379 4033 441 4106 sed
468 4037 567 4105 etium
584 4036 697 4107 multis
725 4033 833 4107 modis
847 4034 1000 4129 disperse
1026 4037 1211 4128 pieeorum
1227 4032 1438 4128 prouidentia
1461 4057 1554 4107 con-
