3836 4722
612 491 829 585 episcopatus
858 487 1151 586 wirciburgensis.

860 687 913 760 Ol.

776 853 866 920 Anno
896 852 989 922 ltus.

186 1023 366 1100 Arnoldus
417 1030 631 1120 maguntinus
674 1025 952 1124 archiepiscopus
989 1027 1142 1124 predium
1189 1032 1223 1100 in
1258 1029 1425 1102 Hocheim
1465 1043 1500 1106 et
1539 1037 1574 1107 iu

186 1123 397 1216 Hedcnstat,
424 1124 466 1196 ad
491 1135 592 1200 vetus
619 1129 864 1200 monasterium
890 1127 1194 1201 sanctimonialium
1227 1131 1261 1200 in
1287 1127 1460 1224 lllagnntia
1485 1155 1573 1228 per-

188 1229 314 1314 tinens,
339 1225 494 1298 Heroldo
520 1223 813 1319 wirceburgensis
842 1225 1015 1302 ecclesiae
1041 1229 1162 1300 maiori
1180 1231 1356 1324 preposito
1384 1227 1513 1321 vendit,
1540 1243 1574 1304 et

189 1327 222 1396 iu
248 1327 606 1420 recompensationem
620 1324 709 1398 dicto
724 1329 934 1399 monasterio
950 1337 1076 1398 tantum
1092 1329 1238 1400 restituit
1252 1327 1295 1400 de
1310 1329 1573 1424 possesionibus

226 1427 299 1496 suis
325 1427 358 1496 in
384 1425 625 1514 Britueubeim,
651 1423 739 1496 unde
767 1425 911 1519 singulis
939 1429 1036 1498 annis
1062 1427 1095 1496 V
1119 1425 1228 1498 librae
1255 1429 1533 1502 exsolverentur.

290 1578 328 1650 0.
380 1578 585 1652 innomine
613 1589 728 1668 sancte
755 1589 789 1649 et
814 1579 984 1670 indiuiduo
1010 1581 1178 1653 trinitatis.
1213 1580 1444 1654 Arnoldns
1461 1581 1573 1656 diniuu

189 1679 329 1750 tanente
355 1677 537 1750 clementia
550 1682 749 1772 maguntine
775 1677 869 1750 sedis
884 1679 1175 1775 archiepiscopus.
1202 1677 1406 1754 blundumin
1421 1681 1572 1776 maligno

189 1795 272 1851 esse
298 1779 458 1872 positum,
485 1781 562 1874 qnia
586 1778 701 1849 multis
727 1787 762 1849 et
786 1781 894 1848 uariis
921 1777 1098 1850 enantibus
1125 1777 1342 1871 declaratur,
1368 1779 1458 1856 adeo
1484 1781 1574 1876 quod

190 1877 272 1948 lllnd
298 1875 532 1971 propheticum
558 1881 625 1948 ianr
650 1877 858 1972 completum
872 1876 1038 1965 uideatur,
1064 1889 1164 1949 erunt
1181 1875 1338 1951 homines
1354 1883 1479 1973 ingrati
1506 1903 1572 1953 su-

188 1975 288 2071 perbi
301 1986 336 2047 et
348 1975 429 2046 elati
440 1974 518 2047 ndei
535 1977 738 2064 ululaturos,
755 1987 1048 2048 sacramentorum
1062 1987 1331 2073 contemptores,
1347 1980 1573 2071 ecclesiarum

189 2085 448 2172 persecutores,
475 2075 656 2167 christiane
675 2075 856 2168 religionis
871 2075 1124 2171 profanatores,
1150 2077 1346 2150 sollicitudo
1362 2079 1573 2173 prelatorum

191 2187 291 2246 canta
316 2173 418 2246 debat
443 2195 525 2246 esse
542 2185 578 2246 et
590 2177 849 2270 circumspectu,
876 2174 1048 2269 quomodo
1064 2178 1272 2248 imminentia
1289 2178 1572 2273 malapropellat,

189 2274 304 2346 lntrnra
327 2285 513 2369 pracaneat
538 2285 574 2346 et
589 2273 785 2348 ”secundnm
811 2279 1054 2347 necessitatem
1080 2286 1115 2346 et
1144 2277 1322 2348 utilitatem
1347 2278 1572 2368 ecclesiarum

190 2395 237 2446 ex
263 2377 356 2446 omni
381 2384 479 2468 parte
504 2373 648 2446 meliora
672 2375 869 2470 prospiciat.
919 2372 1064 2446 Nonerit
1087 2377 1191 2466 igitur
1216 2385 1252 2446 et
1275 2395 1421 2470 presens
1447 2375 1572 2448 Christi

190 2472 340 2545 bdelium
366 2483 442 2545 etas
468 2484 503 2545 ot
529 2473 782 2546 succedentium
806 2473 918 2544 fntnra
934 2475 1133 2569 posteritas,
1160 2473 1304 2568 qualiter
1319 2495 1385 2546 nos
1400 2497 1464 2570 pro
1478 2496 1571 2568 qno-

191 2571 269 2644 dam
295 2583 423 2662 castro,
450 2573 738 2645 Gelenhusen
764 2584 969 2668 nuncupato,
996 2593 1072 2644 onus
1098 2573 1225 2668 prediis
1246 2583 1281 2645 et
1293 2571 1572 2648 ministerialibus

189 2673 234 2744 ad
259 2677 369 2767 ipsnnr
393 2671 639 2768 pcrtinentibus
665 2672 919 2766 comparando,
946 2690 1022 2744 cum
1045 2669 1217 2766 legittimo
1242 2693 1453 2768 possessore
1480 2673 1572 2746 illins

191 2782 326 2869 pactum
351 2771 508 2859 isumus,
535 2771 603 2844 hoc
627 2771 777 2845 sollicite
790 2771 1024 2866 prenitentes,
1050 2772 1142 2866 qnod
1156 2773 1437 2865 pedusianostra
1453 2783 1574 2846 cenna

190 2882 359 2968 tyrannos
397 2881 432 2943 et
463 2881 707 2968 persecutores
744 2870 887 2944 honoris
920 2871 1023 2943 diuini
1058 2874 1094 2943 in
1131 2893 1174 2943 ea
1207 2882 1305 2968 parte
1338 2872 1439 2945 ualde
1477 2884 1574 2947 esset

190 2974 318 3044 mnnita
345 2981 380 3042 et
405 2975 538 3064 magnis
564 2971 762 3043 utilitatibus
775 2970 954 3066 plurimum
981 2970 1103 3042 adiuta.
1156 2967 1240 3044 Cum
1266 2981 1378 3045 antem
1402 2993 1465 3068 pro
1492 2973 1573 3046 sol·

190 3070 301 3143 nenda
328 3073 471 3165 pecunia
496 3073 631 3164 magnis
657 3073 749 3142 curis
776 3088 1004 3164 angeremur,
1039 3091 1084 3143 eo
1120 3070 1211 3166 qnod
1236 3075 1419 3146 sernieinm
1446 3069 1573 3144 domini

190 3171 409 3266 imperatoris
445 3169 606 3242 uidelicet
641 3169 816 3265 expeditio
852 3169 894 3240 ad
927 3168 1127 3242 domandam
1165 3169 1574 3245 mediolanensium

190 3269 434 3359 rebellionem,
457 3281 615 3366 tempore
640 3267 702 3342 illo
727 3265 828 3342 nobis
854 3269 1081 3360 incumberet,
1105 3270 1183 3342 binc
1207 3270 1287 3344 inde
1313 3275 1425 3343 animo
1450 3281 1572 3344 nostro

190 3368 365 3441 lluctnanti
389 3368 457 3441 hoc
482 3391 529 3442 ex
553 3369 687 3441 ratione
722 3379 757 3440 et
792 3389 959 3442 canonum
984 3373 1186 3441 anctoritate
1219 3371 1386 3446 solacium
1412 3372 1574 3459 occurrit,

191 3467 282 3563 quod
315 3489 378 3564 pro
416 3468 613 3566 quibusdam
646 3469 822 3562 legittimis
847 3469 1113 3543 necessitatibus
1151 3479 1187 3541 et
1222 3493 1286 3566 pro
1324 3469 1573 3542 meliorationis

191 3577 369 3641 contractu
395 3567 486 3641 bona
512 3569 735 3662 ecclesiarum
761 3553 856 3639 licet'
869 3567 1022 3640 uendere
1045 3579 1081 3640 et
1098 3580 1316 3642 commutare.
1370 3569 1573 3642 Communi-

193 3679 270 3740 cato
297 3669 412 3763 itaque
435 3668 583 3760 ecclesie
609 3679 727 3758 nostre
754 3668 902 3740 consilio
928 3665 1096 3766 quoddam
1117 3667 1269 3764 predlnru
1298 3673 1398 3742 sitnm
1424 3673 1458 3740 ln
1474 3673 1573 3765 epis·-

192 3778 316 3862 copatu
347 3763 641 3862 wirceburgensi,
675 3767 836 3840 uidelicet
867 3771 903 3840 in
928 3767 1137 3841 Hocheim
1176 3780 1211 3840 et
1246 3773 1281 3840 in
1307 3767 1574 3860 Hedenstat,

192 3867 283 3962 qnod
315 3870 391 3939 inre
428 3869 646 3964 proprietatis
679 3867 722 3938 ad
755 3877 900 3940 uetus*
920 3871 1240 3941 monasterinm
1266 3869 1573 3942 sanctimonialium

191 3969 227 4038 ia
252 3965 481 4060 Magantia
518 3966 729 4064 pertinebat,
764 3971 959 4040 contuentia
992 3965 1252 4061 lladewlgis
1290 3967 1460 4060 abbatisse
1495 3961 1575 4041 tnnc

192 4068 403 4138 monasterio
430 4065 480 4138 illi
504 4065 723 4163 presidentis,
749 4077 784 4138 et
798 4069 961 4141 uniuerso
976 4086 1134 4139 sororum
1156 4068 1308 4239 appplpgio
1324 4073 1575 4159 consentiente,
1701 4069 1706 4078 '
