3794 4722
588 409 807 506 episcopum
829 408 1129 504 wirsiburgensis.
1506 411 1556 488 80

23 673 25 680 ,
167 613 500 703 emmennone
523 603 679 680 remedio
703 608 813 700 mimo
839 627 902 684 ⁸¹¹⁰
928 615 964 680 ⁰⁸
987 615 1168 703 imnum
1186 627 1328 682 'mmm
1343 629 1448 705 ’ψ’
1462 608 1554 688 ¹⁰²5*

167 712 263 804 quias
290 709 445 803 preciosi
469 707 618 779 martiris
643 703 770 779 Kiliuni
795 716 832 780 et
856 709 1033 781 sociorum
1058 709 1134 780 eius
1150 705 1257 780 multo
1274 707 1361 780 cleri
1373 707 1555 805 plebisque

167 815 341 882 conuentu
367 808 607 880 circumstante
631 804 787 898 legitime
826 804 1000 900 delegant
1035 815 1071 878 et
1103 805 1330 899 contradidit,
1364 829 1554 903 rursusque

165 903 368 980 amanibus
394 904 514 978 decani
537 926 602 1000 pro
628 914 754 980 statuto
781 903 860 978 inde
886 927 998 978 annuo
1025 927 1159 978 emone
1191 904 1346 1002 recepit,
1379 905 1554 1000 uidelicet,

164 1013 201 1078 ut
226 1001 451 1100 quoadusque
475 1006 611 1076 uiueret
643 1007 789 1101 quinque
821 1003 901 1078 iude
927 1003 1061 1080 solidos
1086 1007 1123 1078 iu
1148 1007 1383 1080 anniuersario
1409 1005 1555 1103 predicti

164 1108 273 1200 patris
299 1104 354 1178 sni
377 1103 420 1176 R
446 1101 608 1178 muudus
633 1106 805 1178 mnuatim
829 1103 1071 1201 persolueret,
1103 1105 1140 1178 iu
1171 1105 1408 1179 anniuersario
1433 1107 1553 1180 matris

165 1225 228 1296 suc
254 1199 476 1297 cunegundis
502 1200 549 1294 V,
573 1205 656 1278 item
681 1206 716 1278 iu
741 1207 979 1280 anniuersario
1005 1202 1122 1282 fratris
1149 1207 1203 1279 sui
1229 1197 1377 1278 Grinradi
1391 1202 1434 1276 V.
1472 1204 1553 1278 De-

163 1300 284 1376 functo
309 1323 395 1376 uero
423 1301 560 1381 domiuo
587 1303 730 1379 custode
754 1303 909 1400 predium
933 1301 1019 1378 illud
1041 1306 1180 1400 precise
1216 1305 1253 1378 iu
1286 1325 1386 1378 usum
1410 1301 1554 1377 fratrum

165 1399 371 1490 cedentes
394 1399 550 1494 adesto,
585 1411 623 1474 ut
659 1402 809 1478 decanus
842 1415 879 1477 et
903 1405 1120 1500 portenarius
1159 1405 1194 1476 in
1221 1405 1458 1475 anniuersario
1486 1423 1551 1476 suo

165 1499 208 1573 de
243 1499 368 1573 eodem
407 1499 527 1597 predio
568 1501 727 1576 iratribus
762 1508 871 1576 sancti
905 1503 1070 1578 iohannis
1096 1503 1251 1598 Baptista
1288 1506 1323 1574 in
1356 1503 1482 1595 Houge
1519 1500 1551 1574 V

166 1598 299 1673 solidos
340 1600 559 1696 persoluent,
593 1600 754 1676 iratribus
789 1601 833 1676 de
864 1625 957 1676 nouo
992 1605 1205 1675 monasterio
1231 1600 1284 1691 V,
1318 1599 1479 1674 iratribus
1507 1601 1550 1673 ud

166 1709 320 1773 sanctum
341 1699 550 1772 Burcardum
587 1699 647 1773 XL
686 1701 870 1792 denarios,
912 1703 1042 1774 Scottis
1075 1701 1156 1792 XL,
1193 1704 1275 1773 item
1315 1699 1357 1772 od
1394 1710 1549 1776 sanctum

47 1832 51 1844 ¹
166 1796 375 1893 Stephanum
399 1798 472 1887 XL,
497 1798 539 1872 ad
566 1809 718 1872 sanctum
742 1799 863 1874 Adrum
890 1801 960 1890 XL,
987 1805 1127 1897 insuper
1152 1809 1296 1896 quotuor
1321 1799 1455 1873 modios
1482 1803 1551 1872 tri-

23 1895 24 1900 ’
166 1898 224 1969 tici
249 1900 286 1968 in
311 1919 399 1992 pane
423 1897 630 1994 pauperibus
657 1898 870 1989 distribuant,
896 1899 1064 1993 reliquum
1089 1904 1124 1972 in
1148 1921 1247 1972 usum
1272 1897 1413 1970 fratrum
1441 1899 1550 1971 oedot.

166 1994 301 2070 Stoiuto
328 1999 443 2086 etiem,
468 2007 505 2068 ut
529 1997 652 2092 prefati
667 1997 818 2072 decmrus
846 2009 881 2072 et
905 2003 1121 2094 portenarius
1140 2001 1381 2072 mansionariis
1397 1997 1551 2071 eiusdem

164 2095 273 2190 predii
299 2096 335 2168 in
363 2094 519 2169 omnihus
545 2099 688 2192 prosint,
714 2109 748 2172 et
774 2098 884 2194 siquid
910 2101 963 2172 eis
977 2101 1135 2172 nocuerit
1160 2098 1202 2170 ad
1219 2096 1422 2169 audientium
1440 2097 1550 2172 solius

165 2197 333 2290 episcopi,
359 2217 479 2266 eorum
504 2195 674 2288 aduocati,
699 2207 816 2294 preter
842 2219 942 2292 quem
967 2197 1097 2270 nullum
1114 2198 1216 2270 olium
1232 2197 1433 2269 aduocatum
1447 2195 1551 2268 habi-

165 2296 228 2366 turi
257 2303 348 2384 sunt,
371 2292 580 2368 deferantur.
630 2295 775 2370 Pretero
808 2300 1010 2392 quicumque
1044 2300 1250 2372 rusticorum
1291 2295 1429 2368 illorum
1462 2318 1551 2390 prc-

163 2394 342 2482 moriatur,
369 2393 528 2488 legittimi
541 2391 689 2468 heredes
708 2395 800 2470 illius
827 2418 890 2496 pro
908 2399 1034 2490 optimo
1062 2399 1172 2492 eapite
1199 2394 1393 2466 animalium
1410 2415 1551 2468 suorum

23 2517 26 2530 ·
162 2489 355 2566 Xsolidos
381 2491 512 2566 decano
548 2502 583 2565 et
607 2497 806 2590 portenario
831 2495 1054 2594 persoluent,
1091 2503 1126 2567 et
1165 2497 1240 2566 iure
1271 2491 1478 2565 hereditario
1514 2496 1550 2564 io

162 2611 318 2662 mansum
344 2591 562 2665 suecedent'
589 2591 688 2680 Quod
715 2616 801 2688 ergo
827 2595 953 2666 factum
980 2603 1057 2684 est,
1082 2597 1255 2690 presentis
1282 2595 1399 2688 scripti
1425 2594 1550 2686 pagine

162 2689 439 2764 confirmauimus
466 2701 502 2762 et
526 2693 560 2762 si
585 2698 821 2767 sonoritatem
846 2695 1077 2789 impressione
1114 2694 1222 2786 sigilli
1246 2695 1357 2766 nostri
1383 2690 1548 2764 dedimus.

162 2788 201 2864 Si
224 2791 304 2885 quis
330 2792 434 2883 igitur
455 2791 490 2861 in
515 2801 692 2886 posterum
719 2805 794 2866 orte
827 2793 886 2865 uel
920 2791 1001 2865 doio
1029 2805 1094 2866 ent¹
1110 2794 1181 2864 ulla
1205 2796 1318 2888 iniqup
1345 2793 1548 2865 temeritatis

161 2891 421 2984 presumptione
443 2888 655 2984 imminpere,
694 2903 751 2965 aut
785 2890 958 2966 infirmare
990 2894 1264 2988 attemptnuerit,
1301 2890 1480 2964 mathema
1505 2892 1551 2964 sit

23 3031 24 3036 =
159 2987 371 3060 mmathu

261 3087 412 3162 Testes:
436 3086 616 3160 Riedolius
629 3091 739 3163 maior
751 3091 963 3186 prepositus,
984 3092 1136 3164 Perseus
1152 3089 1317 3181 demum,
1331 3087 1548 3162 lieiuherdus

158 3195 378 3359 sitdiu
399 3197 738 3382 inditi&
762 3189 959 3379 dudd?
980 3185 1548 3384 dttttdtdtdtdd

156 3383 265 3476 ilaris
290 3388 327 3456 iu
339 3383 528 3482 Mogontia,
551 3386 727 3460 iohannes
744 3389 963 3478 scolasticus,
996 3387 1193 3462 Gotefridus
1209 3398 1342 3477 emtor,
1368 3381 1547 3460 Gimodus

157 3485 376 3573 cellerarius,
401 3485 593 3580 Sigeiridus
621 3485 663 3559 de
676 3485 849 3582 diulburg,
876 3484 1056 3561 Ginradus
1081 3487 1308 3579 deFroburg,
1331 3485 1547 3556 Hermonnus

157 3583 200 3656 de
227 3581 600 3681 Gmuenellenbogen,
631 3587 819 3682 Diepeldus
846 3583 1075 3682 derssergen,
1113 3586 1237 3659 Vricus
1265 3583 1401 3656 Sueuos
1428 3593 1462 3654 et
1488 3583 1547 3654 alii

156 3683 288 3780 plures.
338 3683 449 3756 Laicis
473 3685 696 3780 diurquardus
723 3686 766 3758 de
791 3685 962 3760 Grumboh
988 3699 1023 3760 et
1047 3685 1108 3758 filii
1134 3687 1187 3758 sui
1213 3683 1292 3756 Otto
1319 3681 1546 3773 sunthorum,

158 3804 278 3858 comes
304 3779 500 3860 Gerhurdus
527 3785 570 3857 de
594 3783 800 3877 Berdthein,
834 3786 1006 3880 Rupertus
1040 3785 1083 3857 de
1109 3783 1251 3872 Gastcd,
1288 3777 1468 3856 Oinradus
1502 3779 1546 3854 de

156 3879 417 3976 Bocchesberg,
442 3877 620 3958 Ginradus
648 3884 691 3957 de
715 3883 941 3978 Niwenburp,
969 3882 1181 3958 Goteboldus
1207 3880 1250 3953 de
1265 3879 1546 3974 fladechesberg,

156 3981 600 4076 Biliungusuicedominus,
622 3983 727 4076 Boio,
749 3984 934 4058 Heinricus
952 3994 990 4057 et
1001 3983 1180 4076 nudungus
1196 3981 1346 4072 sculteti,
1370 3979 1545 4056 Heroldus

158 4125 497 4171 hunimundum.
516 4127 602 4169 aarum
1168 4085 1213 4153 12
