3774 4728
883 435 1104 514 Monumenta

883 748 1106 827 ccctxvii.

744 952 832 1020 Anno
857 947 961 1034 1265„
983 949 1035 1018 24.
1057 950 1222 1044 Februarii.

299 1140 437 1237 iringus
462 1136 717 1237 herbipolensis
743 1141 927 1234 episcopus
954 1138 1112 1214 Cunrado
1147 1140 1191 1213 de
1215 1136 1474 1234 Enkersperge
1502 1133 1687 1209 cellerario

303 1247 442 1316 maioris
464 1239 659 1330 ecciesiae,
681 1243 810 1312 rectori
836 1240 1009 1312 ecclesiae
1035 1243 1070 1312 in
1094 1239 1331 1315 Melricbestat
1351 1239 1517 1332 indulget,
1543 1236 1633 1332 quod
1659 1237 1689 1309 si

300 1347 413 1438 ipsum
440 1339 566 1414 cedere
591 1341 652 1412 vel
676 1339 848 1412 decedere
874 1343 1074 1434 contingat,
1111 1350 1301 1437 proventus
1328 1339 1502 1411 ecclesiae
1534 1341 1569 1410 in
1593 1335 1690 1410 niel-

216 1527 218 1535 *
302 1444 467 1518 ricbcstat
502 1440 700 1516 deserviant
735 1439 850 1512 eidem
889 1451 970 1536 post
1007 1437 1189 1514 decessum
1228 1451 1284 1513 aut
1322 1443 1542 1512 mutationem
1579 1445 1691 1512 status

694 1561 868 1636 personae
894 1563 978 1614 suae
1002 1540 1046 1611 ad
1071 1541 1157 1615 duos
1183 1563 1305 1615 annos.

403 1711 587 1808 lringus
602 1709 658 1784 dei
670 1713 788 1806 gracia
801 1709 1055 1807 herbipolensis
1070 1714 1266 1808 episcopus.
1292 1708 1417 1784 Notum
1433 1731 1516 1786 ease
1531 1707 1691 1784 volumus

308 1813 465 1889 omnibus
478 1813 580 1914 ⁴huno
604 1813 753 1886 litteram
779 1815 1009 1908 inspecturis,
1035 1811 1146 1906 quod,
1183 1833 1257 1886 cum
1284 1809 1429 1886 dilectus
1454 1809 1555 1886 nobis
1582 1808 1622 1884 Ο.
1647 1805 1693 1882 de

306 1910 517 2011 Eukersp
530 1936 638 2008 erge
663 1912 865 1985 cellerarius
879 1913 1018 1987 maioris
1036 1911 1201 2002 ecclesie,
1226 1921 1343 1984 rector
1361 1911 1514 1986 ecclesio
1528 1913 1564 1984 in
1579 1909 1692 1984 ltel-

296 2011 544 2103 'riohestat
569 2013 741 2107 obligatus
768 2021 864 2085 esset
879 2011 1040 2106 grauibus
1055 2011 1178 2084 debitis
1205 2023 1240 2084 et
1265 2014 1477 2086 conscientie
1503 2033 1578 2103 suu,
1603 2007 1694 2105 quod

193 2191 199 2224 1
309 2114 465 2190 ammodo
478 2112 652 2188 remordet
664 2117 788 2208 ipsum,
804 2115 882 2208 quia
895 2112 1072 2207 stipendiis
1087 2113 1237 2189 ecclesio
1250 2121 1371 2186 nostre
1385 2134 1467 2186 usus
1484 2110 1607 2185 fuisset
1622 2109 1693 2182 ali-

309 2214 442 2313 quando
458 2215 558 2286 aliter
572 2235 671 2309 quam
685 2211 839 2303 deberet,
867 2213 1068 2308 supplicabit
1079 2211 1179 2288 nobis
1207 2223 1241 2286 et
1257 2212 1419 2308 capituto,
1444 2222 1480 2284 ut
1493 2211 1695 2286 necessitati

309 2327 345 2388 et
355 2315 489 2388 utilitati
499 2337 561 2388 sue
577 2337 681 2410 super
691 2316 870 2410 premissis
886 2313 1072 2386 consulere
1085 2311 1312 2407 dignaremur.
1338 2311 1411 2388 Nos
1427 2315 1540 2407 itaque
1551 2322 1695 2408 paterno

310 2415 432 2490 ellectu
457 2419 540 2488 moti
566 2419 656 2488 cirea
681 2417 792 2511 ipsum
819 2411 1005 2486 accedente
1032 2435 1206 2492 consensu
1221 2417 1327 2508 ipsius
1344 2413 1481 2508 capitoli
1496 2411 1696 2486 indulsimus

311 2515 422 2590 eidem
448 2515 490 2586 de
516 2519 626 2610 gratia
653 2514 818 2609 speciali,
856 2513 1001 2608 quodsi
1027 2517 1136 2610 ipsum
1163 2513 1289 2586 cedere
1315 2513 1373 2586 uel
1399 2512 1570 2586 decedere
1602 2535 1695 2584 oon-

311 2620 433 2710 tingat
458 2625 645 2711 prouentus
672 2613 847 2710 sepedicte
873 2614 1024 2686 ecclesie
1058 2637 1120 2686 sue
1158 2618 1192 2688 iu
1218 2613 1542 2688 bielricbestat
1567 2613 1695 2688 doser-

312 2720 406 2791 uiaut
432 2713 495 2790 sibi
520 2725 599 2811 post
624 2713 806 2788 decessum
833 2724 889 2785 aut
914 2717 1134 2788 mutationem
1161 2724 1268 2788 status
1294 2733 1446 2810 persone
1473 2712 1695 2786 eucadduos

313 2838 434 2906 annos,
459 2817 569 2911 primo
597 2837 685 2886 anno
700 2813 862 2886 uidelicet
875 2814 916 2887 ad
938 2815 1143 2888 solutionem
1160 2813 1517 2904 debitornmsuorum
1541 2813 1695 2886 secundo

312 2940 401 3007 vero
437 2938 526 2990 auno
568 2914 719 2988 ecclesie
744 2923 865 2987 nostre
901 2917 934 2986 in
970 2926 1160 2991 restaurem
1198 2926 1234 2986 et
1267 2915 1537 2988 satisfactionem
1570 2914 1696 2987 ¹illicite

313 3017 461 3104 forsitan
497 3013 689 3088 habitorum
728 3012 850 3086 debeat
883 3014 1060 3088 desereire
1100 3025 1135 3088 et
1174 3013 1458 3092 fidecommissarii
1497 3017 1575 3105 sui,
1607 3035 1696 3109 quos

316 3117 484 3211 elegerit,
507 3115 660 3211 predicte
684 3113 846 3209 parochie
882 3113 1032 3187 decimas
1058 3118 1132 3188 siue
1165 3126 1374 3211 promotae,
1412 3113 1546 3210 quando
1586 3117 1696 3211 ipsum

316 3217 442 3289 cedere
468 3215 525 3287 uel
551 3213 730 3288 discedere
765 3216 990 3309 contingerit
1026 3215 1197 3288 vendendi
1236 3216 1293 3288 uel
1333 3215 1520 3311 reeipiendi
1553 3213 1698 3288 liberam

314 3315 484 3390 habebunt
507 3325 726 3413 potestatem,
752 3316 857 3388 saluis
884 3326 997 3387 tamen
1022 3315 1205 3410 prebendis
1231 3319 1448 3405 dinariorum,
1476 3317 1531 3410 qui
1555 3311 1698 3388 easdem

316 3417 496 3515 parochias
524 3415 761 3506 officioucrint
787 3427 823 3487 ut
848 3419 1004 3512 pecunia,
1030 3439 1095 3510 qne
1121 3427 1260 3512 recepta
1285 3416 1400 3506 luerit,
1432 3438 1507 3487 cum
1532 3415 1697 3488 fructibus

319 3529 354 3590 et
391 3516 612 3614 prodentibus
653 3515 783 3588 eisdem
824 3515 989 3612 sepedicti
1029 3516 1200 3587 cellerarii
1240 3515 1350 3588 debita
1390 3515 1608 3588 deducantur.
1659 3513 1699 3588 ln

318 3621 414 3691 cuius
440 3620 550 3712 gratie
577 3615 779 3687 euidentiam
807 3615 869 3688 sibi
896 3639 958 3711 per
982 3639 1047 3688 nos
1074 3615 1164 3688 lactc
1187 3639 1332 3712 presens
1360 3620 1521 3712 scriptum
1545 3615 1697 3689 dedimus

318 3717 426 3815 sigilli
450 3719 560 3790 nostri
586 3726 621 3787 et
645 3716 781 3810 capituli
806 3719 917 3789 nostri
942 3719 1123 3788 munimine
1148 3715 1289 3790 firmiter
1313 3715 1522 3790 roboretum.
1573 3717 1697 3789 Datum

319 3842 409 3892 anno
450 3817 575 3890 domini
608 3815 827 3905 MGGLXV„
867 3825 969 3887 sexto
1006 3815 1170 3890 kalendas
1196 3817 1338 3910 Marcii,
1378 3815 1562 3889 indictione
1595 3815 1700 3910 vlit,

320 3917 534 4018 pontificatus
559 3919 670 3991 nostri
696 3938 785 3988 anno
811 3915 1005 3988 undecimo.

531 4071 667 4158 Sigillum
689 4071 779 4155 iringi
802 4075 933 4153 episcopi
956 4067 1111 4153 appendet.
