3836 4722
897 449 1117 526 blonumcnta

975 649 1034 723 lv.

694 775 787 842 Anne
808 773 881 842 823.
907 773 956 844 19.
979 779 1052 842 Dec.
1077 777 1305 842 Francunoiurt.

412 889 606 966 Ludovicus
633 893 721 987 pius,
748 893 920 968 eeclesiae
946 891 1210 986 wirziburgensi
1248 891 1444 986 designatas
1472 890 1641 963 ecclesias
1663 899 1697 990 et

312 989 463 1085 capellas
487 1013 554 1065 nec
578 1013 648 1064 non
674 1015 744 1086 res,
777 994 933 1068 marchas
961 1003 996 1066 at
1021 993 1171 1066 decimas
1198 1015 1218 1063 a
1242 991 1472 1066 llarlomanno
1500 1002 1535 1063 et
1559 991 1699 1086 Pippino

312 1087 463 1208 traditas,
489 1090 675 1166 confirmat.

479 1218 597 1284 Editum
618 1225 650 1284 tn
672 1219 751 1284 lion.
775 1219 856 1286 Boio.
879 1221 939 1285 vol.
962 1219 1091 1286 xxviii.
1114 1227 1190 1304 part
1214 1221 1235 1286 l.
1259 1239 1286 1303 p.
1313 1214 1361 1283 16.
1383 1219 1433 1283 Nr.
1457 1217 1506 1282 xt.

985 1377 1028 1450 V.

659 1548 748 1612 ¹tnnu
770 1542 844 1610 823.
869 1542 917 1612 19.
940 1486 1100 1643 Decdmhr.
1124 1548 1353 1663 Franuunoiort.
1424 1618 1437 1651 λ

364 1699 568 1779 ludowicus
593 1706 669 1805 pius
697 1690 882 1805 imperator
908 1709 1149 1778 immunitatem
1176 1705 1348 1783 ecclcsiae
1368 1704 1647 1798 wirciburgensis

322 1896 326 1907 Ι
398 1897 405 1916 ι
522 1826 525 1834 ·
599 1814 604 1823 “
699 1806 703 1816 ’
822 1821 836 1835 ’·
915 1801 1105 1904 confirnmt.¹
1339 1827 1344 1838 ·
1575 1826 1581 1838 ·

389 1912 456 2006 ¹Jn
492 1938 635 2008 nomine.
664 1932 790 2017 domim
824 1937 882 2038 dei¹
906 1928 1150 2029 &saluatoris
1177 1935 1286 2036 nostri
1312 1934 1417 2035 Jltesp
1445 1937 1569 2014 Christi
1594 1939 1698 2037 litor¹

315 2035 536 2110 douuicus
572 2035 683 2110 diuina
715 2037 892 2112 ordinante
919 2039 1130 2135 prouidentia
1165 2039 1350 2134 imperator
1386 2051 1561 2134 augustus.
1615 2039 1698 2113 Cum

316 2133 531 2231 petitionibus
558 2138 826 2218 sertem-det
846 2137 1140 2236 procubantes
1162 2139 1697 2214 acelamattieismeoessitetibus

315 2257 416 2308 auras
450 2245 587 2312 nostras
625 2237 829 2334 pulsantium
868 2239 1034 2343 libenter,
1049 2242 1225 2312 annuimus
1260 2250 1295 2312 et
1319 2240 1432 2312 diuine
1459 2245 1631 2336 potentiae
1666 2245 1698 2314 in

316 2336 403 2409 locis
420 2333 486 2408 deo
504 2335 623 2411 dicatis
639 2336 778 2414 uberius
793 2339 1196 2412 famulandumauxntum
1216 2344 1435 2435 porrigimus
1450 2339 1483 2414 id
1497 2340 1597 2413 nobis
1611 2363 1698 2437 pro-

316 2435 370 2507 cul
391 2433 491 2508 dubio
515 2447 551 2509 et
572 2435 614 2510 ad
635 2440 815 2514 mortalem
832 2443 934 2525 rutam
952 2440 1185 2538 temporaliter
1198 2439 1427 2520 deducendam
1443 2451 1477 2511 et
1493 2439 1535 2512 od
1555 2441 1699 2514 futuram

312 2535 462 2610 feliciter
489 2533 703 2610 obtinendam
730 2539 943 2614 commodum
967 2534 1387 2636 prouenire'conhdi'mus.
1424 2539 1560 2613 Jdcirco
1585 2553 1699 2613 notum

317 2639 362 2720 tlt
388 2635 547 2722 conitus
571 2635 726 2720 bdehbus
752 2645 881 2717 uostris
906 2653 975 2717 uu
1000 2639 1245 2736 praesentibus,
1262 2663 1361 2734 mam
1389 2651 1424 2715 et
1448 2639 1597 2731 lustris„
1623 2647 1699 2736 quia

318 2739 370 2808 uir
394 2736 604 2820 naamahilis
631 2738 886 2834 Uuolfgari.
903 2738 1194 2834 uuiruiburgeusis
1221 2741 1395 2821 ecclesiae
1417 2743 1603 2836 episcopus
1629 2741 1699 2822 ob«
1820 2783 1829 2794 -

316 2836 391 2907 tutu
428 2833 597 2920 obtutibus
632 2843 765 2922 ansuis
797 2845 1036 2922 emortuum
1066 2839 1424 2932 impermistarum
1462 2845 1698 2932 susciteris

314 2939 424 3008 nostri
439 2935 556 3008 Karoli
579 2935 670 3010 hone
691 2944 879 3014 memoriae
900 2945 1112 3014 serenissimi
1138 2943 1284 3036 augusti,
1313 2943 1346 3012 in
1372 2963 1436 3036 qua
1451 2941 1699 3012 continebatur.

317 3035 463 3130 qualiter
487 3037 690 3110 horreolum
714 3034 908 3136 praedictus
934 3034 1077 3114 dommus
1095 3049 1132 3112 at
1152 3039 1288 3134 genltor
1303 3039 1435 3128 noster,
1461 3052 1578 3111 uerum
1597 3043 1697 3111 etiam

317 3145 352 3206 et
377 3146 621 3212 antecessores
647 3161 752 3235 reges
778 3141 1126 3243 praedictemlsedem
1154 3161 1229 3212 cum
1256 3138 1411 3212 omnibus
1439 3137 1541 3212 rebus
1568 3149 1603 3210 ct
1628 3137 1698 3210 ho-

316 3235 460 3310 minibus
488 3236 530 3309 ad
555 3259 595 3311 sc
622 3241 711 3313 iuste
738 3251 773 3314 et
797 3241 958 3336 legaliter
983 3237 1222 3337 aspicientibus
1247 3239 1305 3310 uel
1325 3237 1571 3334 pertinentibus
1600 3261 1698 3312 sem-

316 3357 378 3432 per
413 3334 475 3409 sub
513 3337 713 3433 plenissima
751 3341 954 3438 detonsione
993 3351 1028 3414 et
1062 3341 1276 3438 imeruoitatis
1310 3341 1452 3412 tuitione
1489 3335 1697 3412 habuissent.

315 3435 382 3510 Pro
409 3435 573 3512 firmitatis
600 3462 744 3536 namque
772 3443 883 3516 studio
909 3438 1093 3538 postulauit
1118 3437 1312 3534 praedictus
1354 3441 1536 3534 episcopus
1572 3440 1699 3513 excel-

314 3535 453 3613 tusam
476 3550 642 3630 metram,
669 3551 706 3614 at
727 3561 793 3637 po
819 3541 1214 3628 ‹flabrifouhrs'ataere
1229 3548 1263 3609 et
1282 3541 1392 3612 anime
1414 3543 1562 3611 nosuna
1577 3552 1698 3612 reme-

315 3635 371 3710 abo
396 3648 539 3734 patema
565 3642 757 3714 auctoritati
780 3646 935 3716 coebum
949 3657 1084 3734 quoprc
1096 3657 1209 3732 super
1229 3635 1432 3711 adum-m
1451 3643 1700 3714 ardomtatemt

317 3735 421 3828 (luipo
446 3742 600 3834 petitioni
625 3739 918 3814 libantem-aunem
937 3736 1237 3810 cucumerarium
1273 3747 1308 3809 et
1341 3737 1434 3809 hanc
1461 3745 1700 3814 maturitatem

316 3839 521 3914 mutuus
556 3851 699 3930 nostrae
723 3845 821 3928 clpca
841 3843 950 3937 ipsmu
975 3836 1102 3911 actam
1118 3836 1441 3934 despuendam
1465 3839 1542 3911 lari
1568 3841 1698 3913 deme-r

266 3949 270 3958 '
317 3941 440 4030 nimus,
465 3961 528 4035 per
553 3963 652 4038 quiam
677 3945 903 4038 praecipimus
924 3949 1024 4034 atque
1047 3934 1214 4026 iubemus,
1239 3947 1277 4008 ut
1293 3937 1406 4012 nullm
1421 3939 1528 4016 iudex
1542 3940 1698 4036 pm

316 4039 374 4114 uel
400 4039 563 4138 quislibet
590 4063 652 4113 ex·
668 4034 840 4116 iudiciaria
873 4045 1042 4135 potestate
1061 4040 1112 4108 -in
1131 4037 1300 4110 ecelesias
1325 4049 1386 4112 aut
1409 4041 1491 4114 loca
1515 4041 1571 4112 sci
1591 4063 1697 4133 agros
