3838 4728
895 479 1113 558 Monumentu

884 707 1143 788 cotxxxxu.

793 913 881 979 Anno
906 909 1008 994 1287,
1030 910 1059 978 8.
1082 911 1223 976 Junuurli.

318 1103 584 1180 Commendntor
618 1113 652 1178 et
691 1103 816 1176 iratres
857 1099 1036 1196 hospitalis
1069 1097 1358 1170 iherosolimitani
1394 1091 1428 1166 S.
1465 1093 1630 1169 lobannis
1669 1097 1705 1168 in

316 1205 600 1301 Wollecbingen,
624 1215 812 1278 extremam
838 1202 1049 1274 voluntatem
1065 1198 1243 1288 Gerbnrdi,
1269 1197 1426 1269 cononici
1451 1194 1704 1292 herbipolensis

317 1304 690 1398 etOunrcdi,irutnrm,
717 1290 1388 1394 deBoclresberg,obs‘ervnrivolentes,
1414 1306 1559 1390 quatuor
1574 1296 1705 1368 muldru
1824 1377 1829 1390 ¹
1911 1319 1912 1336 ¹

319 1411 421 1480 tritici
447 1419 481 1480 et
513 1430 578 1480 sex
607 1407 714 1480 libres
746 1404 950 1476 ballensium
988 1401 1134 1496 capitulo
1170 1396 1400 1494 herbipolensi
1434 1395 1581 1490 singulis
1606 1399 1704 1470 unnis

819 1505 961 1579 solvere
986 1503 1191 1596 promittunt.

416 1675 682 1751 Honorabilibus
714 1678 800 1748 viris
828 1729 836 1745 .
865 1729 873 1745 .
902 1673 1115 1768 preposito.
1145 1725 1152 1744 .
1181 1670 1311 1744 decano
1347 1681 1381 1744 et
1406 1672 1552 1767 capitulo
1581 1673 1706 1748 berbi-

318 1777 520 1873 polensibus
547 1775 845 1850 conmendctoret
870 1775 995 1846 fratres
1021 1771 1266 1866 hospitalis
1293 1771 1706 1848 lherosolornituni

318 1881 470 1950 suncti
496 1878 717 1950 lobannis
756 1879 791 1948 in
825 1873 1182 1964 Wollecbingen
1208 1873 1351 1944 sulutem
1379 1876 1413 1944 in
1439 1872 1577 1948 domino
1603 1897 1705 1948 seru-

319 1981 495 2074 piternum.
548 1975 632 2050 Cum
648 1975 782 2048 nobiles
808 1978 876 2047 viri
892 1972 1060 2070 quondum
1087 1972 1340 2048 Gerbnrdns
1368 1977 1555 2064 cononicus
1581 1973 1706 2048 herbi-

317 2076 472 2173 polensis
510 2085 545 2147 et
572 2075 829 2162 Gdnredus,
868 2075 993 2146 iratres
1036 2071 1078 2146 de
1104 2071 1426 2168 Buckesberg,
1467 2077 1501 2146 in
1538 2079 1706 2150 extremis

316 2179 420 2274 positi
447 2185 591 2272 quemor
616 2175 747 2250 maldra
771 2178 886 2266 tritici,
922 2173 1068 2266 singulis
1097 2176 1193 2246 annis
1221 2173 1399 2265 soluenda,
1426 2184 1461 2246 et
1486 2173 1552 2248 duo
1579 2175 1707 2268 luminu

318 2279 352 2350 in
399 2277 550 2352 ecclesio
598 2287 717 2351 vestre
756 2285 922 2374 perpetuu
968 2274 1123 2346 lucenciu
1168 2273 1272 2348 vobis
1314 2284 1348 2344 et
1387 2275 1540 2348 ecclesie
1583 2286 1706 2366 vestro

318 2377 511 2471 leguuerint
559 2399 622 2473 pro
665 2399 801 2460 suerum
836 2373 989 2449 remedio
1017 2378 1201 2446 animarum
1250 2383 1285 2448 et
1320 2385 1469 2446 castrum
1499 2375 1705 2450 Boclres-

317 2477 433 2573 berg
484 2500 561 2551 cum
609 2477 808 2574 quibusdum
855 2479 926 2551 suis
979 2477 1199 2571 pertinenciis
1245 2485 1280 2546 et
1325 2473 1473 2568 iuribus,
1519 2476 1610 2571 quod
1662 2475 1707 2550 ad

316 2581 413 2673 ipsos
447 2601 492 2652 ex
533 2583 760 2656 successione
797 2577 1004 2652 hereditoria
1041 2574 1251 2670 pertinebat,
1289 2577 1322 2648 in
1362 2598 1427 2648 nos
1462 2586 1497 2650 et
1533 2577 1707 2673 hospitale

319 2681 429 2753 suncti
466 2675 631 2752 lobannis
664 2677 964 2752 lberosclomituni
998 2698 1061 2771 per
1102 2673 1320 2748 donationem
1354 2676 1564 2750 venerabilis
1598 2681 1706 2774 putris

318 2789 354 2849 et
387 2778 512 2850 domini
551 2779 800 2852 Bertboldi
838 2775 1091 2874 herbipolensis
1125 2779 1280 2870 episcopi
1314 2775 1356 2848 de
1383 2799 1557 2850 consensu
1582 2787 1705 2852 vestro

314 2875 439 2950 fumum
476 2877 619 2972 procide
660 2883 706 2954 sit
745 2878 965 2969 translatum,
1010 2899 1076 2948 nos
1124 2876 1283 2950 volentes
1321 2875 1550 2973 predictorum
1595 2877 1705 2950 Ger-

317 2977 443 3050 burdi
477 2988 513 3050 et
547 2975 740 3050 Cdurudi
781 2987 971 3052 extremum
1006 2976 1218 3050 voluntatem
1253 2977 1296 3048 de
1323 2979 1434 3049 tritico
1462 2988 1497 3052 et
1522 2977 1705 3071 luminibus

318 3077 492 3174 predictis,
519 3088 619 3173 prout
643 3079 744 3152 soluti
771 3100 891 3150 eorum
918 3075 1069 3176 expedit,
1095 3075 1286 3166 obseruari,
1311 3089 1454 3171 quotuor
1480 3078 1608 3152 muldru
1636 3082 1705 3152 tri-

316 3181 374 3253 tici
400 3178 546 3272 singulis
572 3183 670 3252 unnis
699 3201 859 3252 mensure
894 3177 1147 3270 herbipolensis
1173 3176 1260 3250 infru
1285 3177 1375 3250 festu
1400 3181 1641 3276 assumptionis
1669 3187 1705 3253 ct

316 3280 499 3355 nonninus
526 3278 628 3350 heuto
653 3281 799 3371 virginis
826 3290 861 3352 et
887 3303 952 3352 sex
978 3277 1083 3350 libros
1112 3276 1313 3350 hullensium
1340 3280 1484 3376 singulis
1511 3283 1608 3354 aunis
1635 3299 1703 3350 so-

316 3377 439 3450 luenda
466 3381 501 3450 in
524 3378 616 3450 festo
642 3378 789 3468 Martini,
826 3401 889 3474 pro
916 3377 1138 3475 expediendis
1167 3377 1298 3450 duobus
1324 3379 1502 3454 luminibus
1528 3383 1703 3477 perpetuis

315 3481 350 3552 tn
377 3477 675 3567 ecclesinvestrn,
702 3479 803 3554 vobis
830 3491 865 3552 et
890 3481 1042 3554 ecclesie
1068 3488 1188 3551 vestre
1214 3478 1365 3573 predicte
1393 3481 1475 3554 dure
1500 3492 1536 3554 et
1561 3481 1703 3556 soluere

316 3580 541 3672 promittimus
575 3588 610 3650 et
646 3579 687 3650 cd
723 3601 841 3653 eorum
879 3581 1093 3656 solucionem
1121 3581 1193 3650 suis
1219 3584 1373 3654 terminis
1399 3585 1475 3659 sine
1501 3603 1599 3654 more
1624 3581 1702 3656 dis-

316 3677 442 3772 pendio
467 3677 655 3751 laciendum
682 3671 747 3752 nos
774 3691 809 3752 et
835 3681 968 3753 domrrm
994 3690 1146 3755 nostrum
1173 3683 1207 3751 in
1232 3680 1588 3778 Wollecbingen
1615 3704 1702 3778 pre-

316 3777 470 3850 sentibus
497 3777 712 3872 oblignmus,
737 3781 898 3853 volentes
925 3791 960 3853 et
985 3783 1268 3868 consencientes,
1308 3787 1554 3879 coepiscopus
1581 3782 1701 3856 borbi-

315 3875 471 3969 polensis
510 3888 566 3950 unt
593 3879 659 3950 loci
686 3880 970 3977 archidyaconus,
996 3887 1052 3978 qui
1077 3901 1140 3974 pro
1167 3891 1322 3977 tempore
1347 3883 1460 3972 buerit,
1488 3886 1701 3979 purrocbiom

316 3987 469 4048 nostrum
485 3977 585 4049 Wol
600 3979 608 4050 l
621 4001 641 4049 e
652 3977 865 4074 ubingen,
892 3985 921 4054 si
937 3985 969 4052 in
986 3983 1126 4078 pretatis
1140 3985 1294 4052 terminis
1312 3986 1455 4056 triticum
1477 3995 1511 4056 et
1526 3983 1700 4060 bullenses

316 4073 488 4168 predictos
514 4079 826 4175 consuluerimus,
853 4081 997 4154 subiciet
1023 4080 1262 4158 eeclesiastico
1278 4085 1479 4176 interdicto,
1506 4083 1595 4184 quod
1620 4091 1699 4192 qni-
