3774 4728
571 481 789 580 episcopam
816 479 1111 578 wirsiburgensis.
1468 483 1543 560 363

157 679 241 752 uicis
269 685 306 750 ct
330 677 464 757 festinis
491 679 527 752 ia
552 679 699 754 nbonc
724 680 858 778 publica
896 683 1079 757 denunciet
1114 683 1441 759 excommunicates.
1492 685 1541 760 lta

156 786 192 851 vt
215 781 340 851 iniuria
366 783 425 852 rui
450 797 603 875 persona
639 783 697 854 uel
731 783 884 856 ecclesie
921 784 1015 856 illata
1053 781 1209 858 omuibus
1246 787 1438 880 reput'etur-
1458 806 1541 860 aesc

155 879 278 952 famam
318 889 353 952 at
390 879 484 952 illam
517 903 626 977 usqua
658 881 708 954 ad
725 883 931 978 condignam
958 883 1230 958 satisfactionem
1256 887 1481 956 communiter
1505 895 1540 958 et

156 983 321 1076 expensis
348 980 582 1055 communibus
608 1005 866 1078 prosequemur.
918 983 1104 1058 statuimus
1131 986 1260 1074 eciam,
1285 995 1323 1055 ut
1353 987 1384 1057 si
1417 983 1538 1079 aliquis

154 1080 363 1176 prelatorum
380 1081 437 1152 trel
458 1085 699 1155 canonicorum
715 1087 859 1159 ciuitatis
877 1084 1129 1181 herbipolensis
1145 1094 1263 1180 captus
1279 1083 1391 1172 fuerit,
1417 1084 1539 1158 eadem

155 1179 208 1253 die
234 1191 413 1276 postquam
440 1181 539 1255 nobis
567 1182 632 1255 hoc
666 1208 728 1280 pro
756 1196 852 1258 certo
880 1189 1090 1276 constiterit,
1126 1207 1246 1257 ornnes
1281 1184 1493 1260 cessabimus
1520 1209 1539 1258 a

154 1281 276 1356 diuinis
304 1292 370 1354 tam
397 1285 431 1354 in
459 1283 618 1356 ecclesiis
647 1284 1040 1380 conuentualibusquam
1067 1290 1100 1358 in
1115 1285 1304 1380 parrochiis
1332 1295 1366 1357 et
1383 1285 1537 1380 capellis,

154 1391 222 1456 tam
249 1384 283 1453 in
311 1386 460 1474 ciuitate,
487 1407 584 1478 quam
613 1387 646 1458 iu
674 1384 853 1460 suburbiis.
908 1386 944 1458 st
972 1409 1057 1458 uero
1085 1387 1230 1481 aliquem
1245 1383 1457 1480 prelatorum
1479 1387 1537 1458 uel

154 1481 359 1556 clericorum
385 1494 443 1556 eut
468 1493 596 1556 certum
625 1486 802 1558 habentem
820 1485 846 1580 ¹)
873 1485 1074 1560 beneficium
1110 1489 1407 1560 extraaeiuitatem
1435 1508 1536 1558 com-

152 1588 362 1658 muraucium
390 1587 424 1658 in
451 1583 595 1681 dyocesi
623 1586 855 1683 herbipolensi
883 1593 958 1683 capi
974 1591 1169 1681 contigerit,
1197 1597 1253 1660 aut
1269 1590 1375 1661 eciam
1391 1586 1537 1681 aliquem

154 1707 198 1756 ex
224 1687 399 1758 canonicis
427 1688 585 1776 ciuitatis,
612 1687 702 1761 vnde
728 1691 849 1761 viuere
875 1687 1011 1779 debeat,
1037 1693 1109 1762 suis
1135 1685 1356 1783 prodentibus
1383 1688 1537 1781 spoliari,

152 1786 218 1858 nisi
245 1785 332 1858 iufra
362 1796 440 1858 octo
468 1785 541 1860 dies
569 1811 588 1859 a
615 1799 770 1884 tempore
797 1792 1054 1862 ammonicionis
1072 1811 1146 1860 cum
1170 1787 1282 1860 debita
1299 1787 1533 1860 satisfactione

154 1883 299 1958 clericus
326 1885 485 1960 dimissus
512 1887 615 1960 fuerit
641 1899 696 1961 aut
723 1890 867 1985 spolium
894 1893 1106 1980 restitutum,
1140 1911 1202 1985 por
1229 1898 1334 1960 totum
1360 1886 1534 1960 archidia-

154 1995 331 2078 conatum,
358 1991 391 2060 in
419 2009 485 2082 quo
513 1987 681 2061 detinetur
708 1991 855 2062 clericus
893 1994 1045 2086 captiuus
1072 2000 1128 2062 aut
1163 1989 1307 2084 spolium
1343 1987 1536 2080 deductum,

153 2097 311 2160 cessetur
336 2109 355 2159 a
382 2086 503 2161 diuinis
531 2099 565 2161 et
592 2091 788 2185 specialiter
825 2093 944 2184 locus,
979 2094 1013 2162 iu
1048 2113 1114 2186 quo
1150 2088 1390 2162 malefactores
1418 2089 1535 2161 domi-

153 2187 267 2258 cilium
292 2186 469 2260 habuerint
494 2189 551 2262 uel
577 2191 850 2286 receptaculum,
877 2191 1050 2264 subiaceat
1077 2191 1316 2263 ecclesiastico
1355 2189 1535 2262 interdicto

154 2287 339 2362 secuudum
367 2299 489 2363 statuta
517 2291 654 2378 concilii
682 2295 888 2386 maguntini,
929 2291 1127 2388 apostolica,
1153 2290 1249 2363 sedis
1284 2300 1318 2360 et
1344 2289 1536 2382 legatorum

154 2411 294 2461 suorum
329 2394 530 2462 auctoritate
570 2413 706 2486 semper
744 2391 850 2464 salua.
902 2393 1066 2464 Preterea
1104 2393 1305 2478 statuimus,
1347 2399 1383 2460 ut
1420 2389 1534 2462 nullus

152 2500 308 2564 uostmrm
332 2489 533 2574 beneficium
559 2491 702 2564 alterius
717 2495 871 2586 recipiat,
897 2495 963 2566 uisi
990 2496 1021 2564 ei
1048 2501 1144 2571 esset
1177 2513 1239 2586 per
1264 2489 1410 2562 iudicem
1436 2488 1535 2563 ordi·

153 2595 284 2664 narium
311 2589 737 2685 legitimoabiudicatum.
788 2593 863 2666 Hoc
900 2596 1008 2667 eciam
1045 2591 1242 2682 allicimus,
1281 2599 1316 2660 ut
1351 2591 1380 2662 si
1414 2589 1534 2683 aliquis

152 2689 349 2764 villicorum
376 2692 657 2776 cousuetudinem
682 2695 849 2787 antiquam
878 2704 913 2764 et
935 2692 1154 2788 approbatam
1181 2690 1223 2764 de
1250 2691 1391 2785 captiuis
1418 2689 1536 2762 dimit-

153 2791 264 2863 tendis
291 2795 325 2864 in
350 2793 594 2888 sollempnibus
621 2793 903 2889 processionibus
931 2794 1129 2885 infregerit,
1158 2793 1382 2864 communiter
1408 2811 1534 2864 cessa-

152 2890 262 2964 bimus
291 2915 309 2963 a
336 2892 457 2966 diuinis
484 2917 550 2965 nac
575 2893 635 2965 illa
661 2917 873 2968 resumemus
911 2897 977 2966 uisi
1009 2894 1070 2965 illa
1097 2892 1138 2964 ab
1165 2889 1278 2965 officio
1305 2889 1533 2962 remoueatur.

151 2989 436 3086 irrefragabiliter
464 2998 571 3065 eciam
599 2993 775 3068 statuimus
801 3005 837 3066 et
862 2997 1107 3092 promittimus,
1132 3003 1169 3064 ut
1194 2987 1385 3069 libertatem
1412 2990 1533 3064 eccle-
1561 2989 1567 3000 '

151 3097 279 3165 siarum
305 3097 450 3168 ciuitatis
478 3097 568 3167 omui
594 3094 789 3188 diligencia,
816 3117 881 3189 qua
907 3113 1110 3191 possumus,
1136 3097 1230 3166 omni
1253 3096 1333 3166 uisu
1355 3102 1397 3164 :et
1419 3092 1532 3164 studio

149 3203 295 3287 totoque
321 3214 427 3292 posse
455 3205 489 3266 et
514 3214 621 3267 nossa
648 3207 714 3266 tam
731 3217 793 3291 pro
809 3199 968 3292 personis
984 3199 1135 3291 ipsorum
1152 3197 1407 3282 canonicorum,
1424 3212 1532 3286 ¹quam

151 3293 308 3368 officiatis
336 3317 377 3366 ac
400 3295 528 3367 familia
555 3295 752 3368 carumdem
779 3300 1003 3368 communiter
1040 3307 1075 3368 et
1108 3293 1343 3368 communibus
1369 3313 1415 3363 ex
1438 3297 1532 3366 ausis

151 3407 185 3467 et
210 3405 279 3466 tam
305 3398 488 3486 minimum,
515 3388 823 3490 quammaximum
849 3399 884 3469 in
912 3419 972 3470 sua
997 3399 1130 3468 iusticia
1163 3411 1233 3491 pru'
1251 3394 1380 3465 uiribus
1407 3315 1533 3464 leien-

150 3495 281 3567 damus.
336 3495 535 3590 Supradicta
572 3500 685 3568 omnia
717 3495 866 3570 fideliter
901 3496 1069 3570 seruanda
1110 3506 1146 3567 et
1182 3491 1382 3588 exequenda
1410 3513 1532 3564 omnes

152 3617 192 3667 ac
218 3595 346 3689 singuli
373 3595 438 3668 fide
465 3597 541 3668 data
567 3607 602 3668 et
627 3601 817 3670 iuramento
855 3601 999 3693 prestito
1032 3619 1098 3668 uos
1131 3593 1357 3689 obligauimus
1389 3611 1456 3664 sec
1490 3592 1533 3664 de

152 3707 272 3768 cetero
310 3696 431 3791 aliquis
470 3700 503 3768 iu
545 3695 684 3769 fratrem
724 3697 860 3792 capituli
898 3701 931 3769 in
969 3697 1038 3768 ulla
1055 3694 1082 3788 ²)
1121 3695 1344 3768 ecclesiarum
1386 3695 1531 3764 ciuitatis

150 3796 403 3892 herbipolensis
430 3801 611 3893 recipiatur
634 3799 701 3870 nisi
726 3791 792 3868 frde
819 3797 895 3868 data
917 3807 950 3868 et
968 3801 1159 3868 iuramento
1170 3800 1330 3891 prestito,
1356 3791 1531 3864 adsedem

152 3897 320 3973 seruanda
347 3921 387 3970 se
415 3897 546 3990 obliget
572 3909 606 3970 et
633 3900 809 3990 astringat.
863 3897 1002 3992 Siquis
1038 3919 1122 3968 uero
1157 3900 1191 3968 in
1217 3895 1378 3994 predictis
1413 3903 1531 3966 trans-

152 4019 299 4092 gressor
335 4007 391 4069 aut
425 4000 625 4070 temerarius
663 3996 893 4070 contradictor
928 4003 1087 4070 iuuentus
1120 3997 1244 4088 fuerit,
1286 4016 1306 4068 a
1346 3997 1530 4066 consorcia

152 4099 291 4177 fratrum
316 4103 451 4194 penitus
479 4096 691 4192 excludatur,
717 4097 827 4172 donec
857 4121 919 4198 per
951 4099 1104 4197 prelatos
1132 4101 1279 4171 omnium
1307 4095 1530 4174 ecclesiarum

1123 4196 1198 4278 46*
