3774 4728
607 446 824 540 episcopatus
850 444 1142 540 wirziburgensis.
1492 451 1559 524 421

186 641 322 738 polensi
346 645 384 714 in
408 645 651 739 proprietatem
676 644 869 738 sigillorum
907 655 1103 722 nostrorum
1136 651 1321 721 munimine
1356 647 1563 723 roboratum.

185 743 307 814 Datum
321 765 412 818 anuo
432 743 559 816 domini
570 743 754 820 millesimo
769 745 1003 821 ducentesimo
1018 751 1242 843 sexagesimo
1254 751 1383 844 quinto,
1408 749 1564 824 kalendis

185 841 373 936 Februarii,
399 842 583 916 indictione
610 843 710 916 Vilia·

394 1039 655 1126 appendendae
679 1045 787 1132 sigilla.

780 1446 970 1522 CCCLXV.

637 1644 732 1712 ‘Anno
756 1643 859 1728 1265,
885 1643 931 1712 13.
955 1647 1120 1714 Februarii.

184 1830 317 1924 lringus
329 1827 581 1928 herbipolensis
596 1836 779 1930 episcopus
806 1831 848 1904 ad
861 1835 1052 1906 instantiam
1066 1835 1219 1906 virorum
1233 1833 1395 1910 nobilium
1410 1837 1562 1910 licinrici
1582 1885 1586 1893 ,

162 1941 222 2012 ‚et
242 1931 427 2004 Hermanni
453 1934 612 2004 comitum
638 1933 681 2006 de
706 1934 848 2018 Kastele
864 1933 1028 2007 decimam
1055 1933 1183 2018 invilla
1198 1935 1435 2029 Ergersbeim,
1461 1961 1573 2033 quam

184 2029 226 2104 ab
252 2031 403 2106 ecclesia
427 2029 659 2127 herbipolensi
686 2035 784 2106 titulo
809 2034 936 2106 feodali
962 2033 1184 2130 possidebant
1209 2046 1244 2106 et
1269 2059 1344 2106 cnm
1372 2037 1448 2108 aliis
1464 2037 1567 2112 bonis

182 2133 330 2227 propriis
369 2129 492 2204 ibidem
529 2131 688 2229 hospitali
723 2133 759 2206 S.
788 2133 952 2206 Jobannis
993 2137 1027 2206 in
1061 2133 1289 2206 Wiraebnrch
1328 2135 1565 2228 vendiderant,

183 2242 373 2303 memorato
400 2230 560 2326 hospitali
586 2237 803 2330 proprietatis
829 2236 968 2306 nomine
995 2234 1109 2322 donat,
1136 2238 1308 2330 accipiens
1324 2239 1357 2307 in
1374 2247 1564 2310 restaurum

184 2329 225 2403 ab
250 2334 334 2428 ipsis
361 2331 541 2406 comitibus
567 2333 684 2406 villam
711 2356 830 2406 eorum
857 2335 1030 2430 propriam
1044 2333 1164 2405 Geriut
1188 2334 1251 2408 sub
1271 2337 1564 2428 castrisllastele,

253 2442 256 2450 '
283 2455 381 2528 quarn
408 2435 551 2506 comites
578 2433 659 2506 loco
687 2432 840 2508 decimae
867 2443 1075 2508 memoratae
1102 2437 1136 2504 in
1162 2431 1266 2509 feodo
1293 2433 1470 2522 habebunt.

1055 2544 1072 2580 Ο

310 2601 465 2686 lringns
489 2600 537 2665 dei
561 2607 655 2685 gratia
676 2601 896 2684 herbipolensis
921 2609 1091 2685 episcopus.
1134 2603 1280 2668 Noueriut
1310 2609 1443 2680 uniuersi
1476 2605 1565 2669 buius

183 2691 292 2770 pagine
312 2691 518 2768 inspectores,
551 2687 652 2769 quod,
686 2707 753 2751 curn
776 2693 830 2751 viri
853 2689 986 2768 nobiles,
1020 2687 1236 2752 Heinricus
1268 2697 1298 2751 et
1319 2689 1564 2754 llermannus

183 2777 310 2836 comites
333 2773 371 2835 de
394 2773 563 2852 Castele,
587 2773 732 2837 decimam
756 2782 786 2836 et
807 2772 924 2837 decime
946 2775 1116 2853 attinentia,
1150 2792 1210 2854 que
1238 2775 1275 2837 ab
1307 2775 1437 2839 ecclesia
1458 2775 1564 2840 herbi-

182 2858 301 2942 polensi
321 2857 515 2940 possidebant
535 2860 631 2940 tytulo
653 2857 763 2923 feodali
784 2864 814 2921 in
836 2861 905 2922 vilia
927 2857 1188 2944 Ergersbeim
1211 2867 1240 2922 et
1266 2861 1323 2923 alia
1344 2861 1423 2926 bona
1444 2861 1564 2942 ibidem,

183 2963 243 3025 que
266 2943 416 3007 habebant
436 2949 623 3026 proprietatis
646 2950 775 3024 nomine,
798 2945 952 3010 videlicet:
976 2944 1088 3027 predia,
1110 2949 1231 3025 vineas,
1254 2963 1359 3030 agros,
1382 2954 1482 3030 prata,
1505 2948 1563 3010 sil-

181 3029 279 3108 uulas,
303 3029 419 3108 domos,
441 3049 529 3092 areas
553 3037 583 3092 ot
603 3029 738 3094 redditus
761 3037 919 3094 uniuersos
945 3035 1075 3112 acceptis
1098 3029 1223 3094 alratre
1239 3027 1563 3096 VlricodeVeile-

183 3115 302 3177 berch
324 3114 555 3178 conmendatore
585 3123 614 3177 ct
636 3115 777 3183 iratribus
807 3115 913 3180 domus
935 3116 1156 3200 hospitalis
1177 3122 1303 3180 sancii
1324 3115 1513 3182 lobannis
1534 3123 1565 3181 in

183 3200 441 3264 wirzeburch
464 3209 583 3263 centnm
606 3207 637 3264 et
659 3201 764 3263 decem
796 3207 904 3264 marcis
927 3207 1043 3284 argenti
1078 3209 1108 3264 et
1137 3209 1254 3264 centum
1287 3209 1317 3264 et
1343 3208 1449 3288 viginti
1480 3204 1564 3266 libris

183 3287 360 3350 hallensium
383 3306 486 3350 eorum
508 3287 608 3350 domui
630 3287 837 3350 uendidissent
868 3296 897 3348 el
930 3288 1008 3349 bona
1032 3291 1096 3370 ipsa
1117 3292 1235 3368 propria
1257 3289 1392 3351 manibus
1422 3289 1563 3353 nobilium

185 3372 370 3435 dominarum
383 3372 526 3454 Sopbie
549 3371 752 3454 etSopbie,
776 3391 902 3436 uxorum
924 3391 1054 3450 suarum,
1074 3369 1248 3438 coadunatis
1265 3371 1416 3436 dedissent
1429 3373 1564 3459 predicte

184 3457 286 3520 domui
306 3461 336 3519 in
358 3463 570 3540 proprietatem
593 3465 623 3519 ct
645 3463 689 3520 eis
710 3463 932 3521 renuntiassent
953 3458 1089 3519 manibus
1112 3455 1149 3519 ct'.
1164 3455 1304 3537 calamis,
1335 3465 1423 3541 prout
1454 3463 1485 3520 in
1506 3455 1563 3521 biis

183 3543 356 3607 iractatibns
379 3551 425 3606 est
447 3551 646 3624 consuetum,
678 3544 715 3606 ad
748 3543 949 3624 predictorum
972 3547 1111 3605 comitum
1141 3548 1328 3621 instantiam,
1362 3549 1494 3625 acceptis
1527 3543 1563 3606 ab

184 3635 259 3712 tpsis
281 3629 437 3693 comitibus
460 3631 529 3692 vilia
561 3647 666 3692 eorum
697 3634 817 3710 propria
841 3628 976 3692 Geriut
1008 3631 1064 3694 sita
1096 3628 1152 3690 snb
1183 3634 1290 3692 castris
1312 3629 1493 3708 Kreteia,
1525 3630 1563 3694 ud

185 3715 382 3799 quadraginta
403 3715 494 3778 libras
516 3719 546 3778 in
568 3713 763 3796 prodentibus
786 3719 921 3778 estimato
942 3719 974 3778 iu
996 3718 1079 3779 sums
1100 3715 1235 3799 singulis,
1258 3733 1345 3796 quam
1363 3713 1565 3797 predictarum

184 3820 311 3864 uxorum
334 3819 455 3863 suarum
485 3799 620 3864 manibus
652 3799 824 3867 coadunatis
857 3807 960 3863 nostre
993 3797 1139 3862 dederunt
1168 3803 1300 3865 ecclesie
1330 3806 1362 3864 in
1395 3808 1564 3863 restaurum

185 3887 265 3951 dicte
287 3885 403 3948 decime
419 3889 449 3948 et
460 3891 653 3962 attinentium,
675 3883 838 3966 predictam
850 3884 995 3947 decimam
1007 3887 1077 3948 ville
1098 3883 1353 3970 Ergersbeim
1371 3892 1401 3948 et
1414 3891 1564 3950 attinentia

184 3978 243 4055 ipsi
264 3971 381 4042 decime
404 3979 567 4041 memorate
589 3971 780 4052 hospitali
810 3976 944 4034 sancti
967 3970 1156 4036 lobannis
1179 3971 1315 4036 dedimus
1344 3969 1563 4036 de.consensu

186 4057 305 4146 capituli
327 4062 422 4122 nostri
443 4062 631 4143 proprietatis
653 4060 771 4122 norrdne
793 4065 939 4142 perpetuo
961 4056 1181 4139 possidendam.
1226 4057 1258 4124 in
1281 4063 1367 4124 catius
1389 4057 1563 4138 donacionis
