3776 4730
624 473 1161 604 hpiscopatus'wirziburgensis
1517 483 1589 588 dil

211 698 359 800 ‘scriptis'
377 726 442 780 nos
471 705 675 802 obligamus,
714 707 865 804 predicte
894 711 1092 806 ,oblacionis
1119 733 1284 786 canonem
1325 713 1504 800 soluimus.
1538 725 1594 790 aut

193 797 352 876 'formum
379 805 484 906 super
511 807 629 880 cadem
656 801 838 884 oblacione
865 837 884 881 a
911 812 1058 906 capitulo
1075 811 1211 902 aditam,
1238 817 1268 886 si
1283 813 1455 908 predictus
1472 826 1594 888 noster

101 905 110 918 '
207 909 403 1002 prepositus
420 909 531 982 medio
549 920 715 1007 tempore,
743 911 946 1008 quedahsit,
971 913 1176 1008 decesserit,
1192 918 1285 986 iuxta
1301 915 1444 1010 predicti
1458 918 1593 991 tertaiai

208 1009 418 1102 exigentiam
445 1020 656 1083 seruaturus
708 1009 745 1084 ln
773 1015 868 1086 cuius
907 1015 958 1083 rei
996 1016 1225 1086 testimonium
1257 1037 1404 1110 presens
1432 1018 1593 1110 scriptum

207 1105 332 1199 sigillis
359 1115 488 1184 nostris
524 1109 667 1184 fecimus
703 1116 902 1186 communiri.
955 1113 1077 1186 Datum
1119 1123 1153 1186 et
1190 1125 1300 1187 actum
1337 1137 1428 1190 annu
1466 1115 1593 1190 domiui

205 1203 265 1278 tto·
284 1205 367 1280 00⁰·
382 1207 568 1302 LXXVl⁰·,
605 1207 748 1286 sabbato
776 1213 862 1301 inira
896 1224 1052 1302 ocenum
1078 1215 1263 1296 renutans
1299 1214 1402 1296 beate
1434 1219 1590 1310 uirginis.

418 1409 524 1501 Sigide
546 1409 715 1496 appendent
736 1411 826 1478 valde
846 1413 938 1478 laesa.
1007 1483 1010 1490 Δ

834 1818 967 1937 corn.

680 2061 768 2126 Auno
793 2059 896 2145 1276,
923 2065 1123 2132 tuotone.

209 2245 399 2344 Capitulum
427 2249 567 2320 maioris
594 2202 768 2320 eeclesiae
795 2192 1318 2346 herhtphtemishonorabilibus
1334 2258 1421 2329 virts
1436 2237 1592 2352 Bopporli

206 2358 241 2419 et
266 2347 416 2420 Rutotto
442 2347 614 2437 iratribus,
640 2348 819 2421 comitibus
853 2349 898 2422 da
924 2347 1129 2443 wertheim,
1164 2362 1200 2424 et
1234 2358 1383 2450 ipsorum
1410 2355 1591 2432 heredibus

589 2445 736 2520 officium
763 2452 797 2520 in
823 2451 1010 2567 Hochusen
1037 2456 1202 2548 assignat.
1229 2555 1232 2563 y
1288 2532 1291 2572 :

302 2617 504 2694 lunomine
530 2618 655 2690 domini
692 2641 801 2692 mnen.
858 2620 1027 2695 Vniuersa
1067 2624 1216 2715 negocia
1253 2643 1318 2716 que
1356 2635 1521 2720 geruntur
1548 2629 1589 2699 ‘in

205 2729 378 2815 tempore,
402 2743 447 2792 ne
482 2730 635 2790 naturum
668 2723 832 2815 temporis
869 2733 1141 2816 consequantur,
1179 2722 1341 2817 expedit,
1378 2747 1418 2796 en
1452 2729 1589 2799 testium

205 2824 424 2894 annotatione
451 2831 486 2892 et
509 2822 625 2892 ¹viatici
651 2821 796 2892 litteram
824 2825 1020 2895 testimonio
1047 2822 1262 2918 perhennem.
1290 2823 1340 2894 Ea
1365 2836 1506 2922 propter
1524 2817 1589 2900 nc's

196 2920 507 3014 ‚Manegottus
534 2925 741 3016 prepositus,
767 2920 986 2996 Albertus
1021 2923 1170 2997 decenus
1197 2930 1371 3019 totumque
1408 2926 1589 3022 capitulum

197 3024 346 3096 maioris
373 3021 524 3094 ecclesie
548 3021 801 3117 herbipolensis
836 3034 996 3098 constare
1036 3025 1196 3096 volumus
1223 3026 1405 3100 'uniuersis
1444 3047 1589 3123 presens

211 3125 372 3216 scriptum
397 3125 538 3210 visuris,
563 3122 653 3216 quod
678 3125 829 3194 unanimi
854 3143 1031 3200 consensu·
1051 3125 1307 3221 deputauimns,
1340 3130 1590 3220 asstgrautmus

140 3302 145 3311 s
201 3235 239 3298 ,at
264 3222 481 3318 presentibus
497 3222 694 3316 deputemus
722 3233 757 3294 et
773 3226 988 3317 assignamus
1006 3225 1262 3298 honorabilibus
1276 3228 1361 3300 liris
1378 3225 1587 3325 Bopponi

132 3385 137 3390 .
204 3335 238 3396 et
265 3322 459 3398 lludolio
476 3321 658 3413 iratribus,
684 3323 863 3396 contitibus
890 3325 932 3396 de
949 3325 1214 3416 Wartheim,
1241 3336 1275 3396 et
1301 3329 1451 3422 ipsorum
1478 3327 1587 3401 here-

203 3422 299 3498 dibus
326 3421 474 3496 officiutn
499 3433 655 3495 nostrum
680 3427 715 3494 iu
740 3423 975 3496 Hochusen
1010 3446 1086 3496 cunt
1114 3424 1270 3498 omnibus
1308 3425 1412 3500 honis·
1435 3431 1586 3500 attineri·
1637 3435 1639 3442 '

203 3523 305 3614 tibus,
330 3527 471 3621 quesitis
499 3534 629 3595 etmon
655 3527 798 3618 quesitis
820 3524 974 3616 juribus,
1008 3524 1097 3618 quod
1136 3525 1177 3597 ad
1203 3524 1407 3622 prehendam
1433 3539 1586 3601 nostram

200 3635 362 3720 spectare
389 3624 589 3714 dinoscitur,
615 3623 858 3718 possidendum
885 3635 919 3696 et
944 3625 1147 3714 tenendum,
1170 3629 1250 3720 jure
1276 3637 1473 3724 patronatus
1500 3651 1585 3724 par-

199 3725 323 3800 rochie
350 3728 383 3798 in
410 3723 837 3820 Hochuseuexcepto.
888 3725 932 3797 Et
958 3747 1094 3796 exnunc
1120 3724 1239 3798 damus
1263 3731 1346 3821 ipsis
1373 3736 1408 3798 et
1433 3731 1584 3827 ipsorum

202 3824 384 3898 heredibus
412 3824 521 3896 libera
548 3825 733 3898 donatione
756 3825 885 3899 fructus
914 3836 948 3897 et
972 3836 1159 3921 prouentus
1187 3826 1347 3898 eiusdem·
1368 3825 1585 3903 othni-siti·-

203 3928 293 4022 gulis
320 3929 417 3998 annis
443 3948 505 4020 pro
533 3930 842 4020 reconpensatione
869 3930 1093 4028 seruiciorum
1128 3948 1287 4016 suorum,
1326 3950 1391 4024 que
1425 3928 1523 4004 nobis
1552 3941 1586 4002 et

204 4029 355 4100 ecclesie
381 4037 500 4099 nostre
528 4025 752 4120 inpenderunt
791 4049 833 4098 eo
871 4029 951 4120 jure
989 4036 1024 4098 et
1049 4026 1305 4118 moderamine,
1338 4023 1408 4122 ‘q'uo
1446 4039 1481 4102 et
1518 4055 1584 4104 nos

202 4131 382 4226 percipere
408 4129 662 4216 consumimus,
687 4125 797 4198 libere
823 4125 1060 4223 percipiendos
1088 4137 1181 4201 tauto
1208 4137 1381 4225 tempore,
1408 4152 1584 4228 quousque
