3836 4722
318 422 365 494 at
889 419 1111 494 blaaumenta

320 621 475 716 episcopi
509 629 544 692 et
576 621 687 694 tocius
721 617 883 692 ecclesie·
906 629 988 691 uota
1019 630 1139 693 nostra
1175 618 1241 692 deo
1267 630 1456 714 sonnoque
1481 619 1630 716 Kylimo
1664 621 1700 692 in

322 717 504 792 oblacione
531 723 646 814 sepius
672 717 899 792 denominata
919 719 1012 792 nulla
1038 719 1209 792 bominum
1235 719 1491 793 contradicente
1520 718 1701 814 persolui-

322 841 397 892 mus
423 829 458 892 et
482 818 657 892 beatorum
683 819 918 914 apostolorum
930 819 1023 892 Petri
1039 831 1074 892 ct
1088 820 1188 892 Pauli
1212 829 1248 892 ct
1271 823 1338 892 iarn
1363 819 1530 892 diciorum
1554 822 1701 914 episco-

320 940 442 1014 porum
478 929 667 1014 nostroque
699 917 810 992 banno
850 927 886 990 at
917 923 1065 992 omnium
1099 923 1283 992 annnorum
1323 919 1389 992 deo
1426 930 1705 1013 consecratarum

322 1017 616 1110 confirmacione„
649 1022 753 1090 itaut
777 1021 976 1113 quicumque
1002 1023 1242 1114 cariuscumqoc
1268 1019 1480 1092 condicionis
1514 1029 1571 1091 aut
1595 1028 1702 1114 pote-

323 1121 421 1193 statis
456 1118 559 1195 bomo
593 1120 718 1192 curiam
759 1115 979 1208 Sunrilrm*
1021 1143 1087 1214 quc
1125 1118 1259 1192 oblacio
1292 1131 1412 1194 nestra
1445 1129 1519 1209 est‚
1559 1118 1602 1190 ab
1638 1131 1703 1192 osu

324 1217 475 1292 ecclesie
509 1219 661 1294 alienare
694 1221 941 1314 presumpserit
973 1219 1031 1294 nel
1054 1223 1137 1312 iura
1171 1230 1207 1291 et
1238 1223 1388 1303 instituta
1418 1231 1558 1308 aesna,
1590 1217 1704 1312 quon

324 1321 477 1392 continet
511 1341 658 1414 presens
691 1321 815 1412 pagana
848 1329 882 1389 et
915 1317 1028 1392 tabule
1062 1339 1165 1408 eree,
1201 1319 1314 1414 aliquo
1348 1319 1462 1392 modo·
1476 1320 1704 1405 inmutaocrit,

322 1421 479 1515 perpetui
505 1417 727 1493 anathematis
751 1418 891 1490 vinculo
919 1417 1091 1512 obligatus
1117 1429 1243 1492 eterne
1263 1420 1508 1515 (hmpnacioni-
1522 1439 1600 1490 cum
1619 1415 1705 1490 luda

322 1517 486 1592 traditore
512 1517 696 1592 subiaceat
750 1517 865 1604 Quare
896 1517 1056 1592 fratribus
1091 1521 1221 1592 nostris
1254 1531 1321 1592 mm
1355 1517 1573 1614 presentibus
1606 1537 1706 1611 quam

322 1617 446 1691 littaris
485 1639 547 1712 per
579 1622 739 1690 uirtutem
772 1615 978 1690 obediencie
1008 1621 1213 1712 iniungimus
1247 1623 1316 1691 imo
1354 1621 1584 1715 precipimusc
1612 1627 1652 1689 vt
1672 1617 1706 1690 si

328 1721 403 1810 quis
429 1727 496 1790 mm
524 1721 706 1796 temerarie
731 1727 798 1788 tam
824 1715 1109 1793 irracionabiliter
1134 1734 1241 1810 agere
1265 1722 1531 1814 presumpserit,
1567 1727 1603 1788 nt
1634 1714 1707 1790 ob-

329 1817 499 1891 lacioncm
523 1828 677 1890 nostram
702 1839 730 1888 a
749 1816 851 1888 domo
879 1817 933 1890 dei
958 1817 1104 1904 alienet,
1142 1819 1175 1888 in
1210 1817 1305 1891 illum
1331 1817 1442 1890 dataro
1467 1819 1709 1890 excommun.-

327 1919 503 1991 cacionem
529 1920 720 1989 auctoritati
747 1916 939 2012 apostolice
966 1915 1281 2012 signorectum
1299 1915 1707 2013 aaoonntcapoatoliaa

323 2037 457 2088 rursum
483 2016 696 2090 anatliemate
720 2016 863 2088 feriatur
888 2015 1077 2090 elaborent
1130 2015 1300 2092 Volentes
1330 2020 1444 2112 itaqua
1479 2017 1578 2090 buius
1610 2019 1707 2088 irre-

322 2114 562 2210 prehensibilia
589 2117 820 2191 ordinacionis
845 2127 966 2190 nostre
990 2115 1183 2190 firmitatem
1208 2117 1445 2190 inconuulsam
1468 2128 1503 2189 et
1522 2121 1707 2189 inconmo-

324 2211 462 2289 tabilcrn
490 2238 627 2312 sempor
650 2237 854 2312 permanare
887 2215 966 2310 quid
999 2227 1033 2288 ct
1066 2215 1210 2310 qrmlitcr
1242 2226 1354 2292 adum
1372 2219 1432 2292 'sit
1453 2215 1586 2316 ⁴*tabidis
1613 2217 1707 2291 craia

323 2318 389 2388 iam
413 2315 607 2410 sepedictis
641 2318 900 2404 annotabimus„
939 2319 1109 2411 presentis
1153 2316 1359 2412 cyrographi
1393 2317 1519 2412 pagine
1554 2318 1709 2390 seriatim

323 2417 556 2510 inscripsimus
596 2426 631 2490 et
666 2413 783 2510 sigillo
825 2426 947 2492 nostro
982 2437 1046 2512 per
1078 2421 1230 2511 prasenti
1264 2419 1481 2490 consociem
1514 2413 1708 2512 plumbeam

323 2517 575 2609 inpressionem
602 2515 887 2604 confirmantium,
911 2527 948 2588 ut
973 2519 1018 2590 sit
1041 2515 1245 2592 memoriale
1269 2540 1290 2588 a
1315 2518 1548 2610 generaciore
1571 2518 1608 2588 in
1624 2537 1707 2608 pe-

323 2617 555 2690 naracionem.
609 2615 825 2691 confratrem
850 2618 958 2689 sciam
983 2625 1139 2690 nostrum
1160 2614 1471 2711 paderbornensem
1504 2619 1706 2710 episcopum

325 2717 437 2786 virum
463 2737 525 2810 per
550 2719 663 2789 omnia
688 2713 900 2811 probabilem
925 2713 1003 2786 buic
1036 2719 1171 2794 accioni
1193 2726 1314 2788 nostre
1338 2720 1373 2788 in
1399 2719 1550 2811 presenti
1584 2717 1709 2810 pagina

324 2812 591 2909 subscripcionis
618 2838 681 2890 sue
706 2817 932 2890 attestacione
959 2826 996 2886 et
1019 2815 1125 2908 sigilli
1153 2819 1204 2888 sui
1230 2819 1450 2910 inpressione
1474 2819 1706 2890 testimoniam

321 2912 503 3007 perbibere
529 2918 739 3008 rogauimus,
763 2925 801 2986 ut
826 2918 900 2990 eius
926 2935 1061 3008 proque
1088 2918 1275 2990 sanctitatis
1295 2913 1482 2988 confirmet
1506 2918 1707 3004 auotoritas,¹

322 3011 412 3106 quod
438 3035 500 3086 suc
525 3024 561 3086 ct
586 3025 704 3089 nostre
730 3013 882 3091 ecclesie
908 3015 1121 3090 contutimus.
1171 3015 1377 3088 innomine
1403 3025 1522 3087 sancta
1544 3017 1701 3088 trinitatis

241 3177 245 3185 .
321 3121 357 3184 ct
380 3109 550 3185 indiuidua
580 3116 730 3188 vairaos.
781 3113 861 3207 Ego
885 3111 1001 3186 llotb
1014 3113 1146 3188 ardus
1177 3113 1233 3186 dai
1269 3118 1386 3208 gracia
1414 3113 1703 3210 paderburnensis

321 3214 503 3308 episcopus
531 3217 702 3308 presentis
728 3217 853 3308 pagina
876 3216 1014 3287 accioniw
1044 3235 1106 3309 per
1132 3217 1246 3288 omnia
1269 3211 1524 3288 racionabiliter
1547 3213 1702 3289 stabilire

321 3321 387 3386 tarn
414 3311 675 3408 subscriptionis
702 3315 936 3396 attestaciope-
960 3335 1059 3408 quarn
1084 3313 1191 3408 sigilli
1216 3316 1326 3388 nostri
1352 3317 1569 3410 inpressione
1594 3317 1702 3388 nsa-

320 3414 470 3484 monium
495 3411 596 3488 fidele
622 3411 785 3510 perhibeo
810 3411 1219 3510 bannoprccpiscopalis
1232 3416 1456 3504 auctoritatis,
1482 3433 1548 3508 qua
1560 3413 1709 3508 langon·

320 3509 485 3588 confirmo
530 3535 575 3586 na
616 3511 682 3586 bec
718 3511 860 3586 firmitas
898 3512 941 3584 ab
974 3513 1087 3608 aliquo
1121 3523 1252 3594 terrmc
1284 3513 1433 3586 uioletur
1462 3517 1534 3588 nisi
1565 3516 1641 3588 eiua
1672 3511 1700 3606 ζ]

197 3650 200 3661 -
321 3617 554 3706 transgressio
580 3611 794 3686 anathemato
819 3615 986 3708 punietur.
1011 3666 1015 3675 -
1037 3612 1129 3688 Acta
1151 3624 1241 3690 sunt
1273 3624 1386 3690 summ
1417 3611 1486 3686 beo
1514 3635 1603 3688 anno
1630 3612 1700 3686 do·-

319 3713 443 3786 minice
474 3715 724 3788 incarnacionis
759 3711 942 3787 millesimo
974 3713 1132 3787 XXXVI.
1157 3711 1210 3806 8),
1255 3711 1446 3786 indiccione
1468 3711 1535 3786 .vt.
1557 3711 1608 3807 ⁹),
1642 3712 1698 3786 die

319 3831 406 3884 vero
434 3815 682 3909 asstmpcionis
707 3811 807 3890 beate
830 3811 940 3895 lilarie
964 3815 1120 3907 virginis.

426 3973 429 3980 ·
482 3945 530 4008 lix
550 3945 626 4010 bbro
648 3947 756 4028 copiall
784 3943 910 4028 Lopoldi
931 3945 970 4007 dc
993 3945 1184 4030 bebenberg.
1228 3943 1345 4009 Editorn
1371 3951 1404 4010 ln
1435 3947 1510 4010 Lont
1563 3943 1697 4010 Relob's-

567 4031 698 4112 Archiv,
731 4035 804 4114 spic.
835 4031 909 4096 eccl.
938 4031 1176 4110 corner-uttan,
1210 4030 1262 4095 iol.
1295 4029 1367 4096 rte.
1399 4033 1452 4098 Nn
1539 4031 1573 4100 ll
1608 4040 1641 4095 et
1666 4036 1707 4094 tn'
