3776 4730
610 435 835 584 episcopatus¹
854 433 1145 582 wirsiburgensis.
1498 420 1566 556 ddl

187 681 501 771 nenbrunnen,
540 687 628 782 qnod
663 713 682 758 n
717 709 815 759 rnnnu
849 687 1059 760 venerabilis
1087 687 1213 760 domini
1239 689 1304 758 mei
1331 681 1567 758 Bertholdi

188 786 342 881 episcopi
378 785 632 882 herbipolensis
670 799 772 862 teneo
802 787 907 873 ,titolo
932 787 1053 891 leodi,
1093 792 1171 859 itnrn
1207 787 1307 858 villos
1336 783 1567 858 Schonen-

186 881 387 958 brunnen
414 897 448 958 et
474 887 617 960 Gruhe
645 897 679 960 et
706 883 967 976 molelidihhdu,¹
983 888 1125 960 soluens
1152 898 1291 984 porcum
1319 885 1498 980 volget,
1526 885 1567 956 od

186 984 296 1078 ipsum
333 997 479 1058 castrum
517 992 751 1083 pertinentes.
790 990 869 1058 item
899 990 977 1081 juro
1013 987 1263 1059 aduocatierum
1299 991 1331 1058 in
1367 985 1459 1057 villis
1492 987 1567 1058 istis

186 1081 497 1173 Furhenhsch,
523 1086 712 1174 Nivsen,
736 1080 1053 1174 llnlholsdorl,
1079 1071 1428 1182 Welsprunnen,
1450 1085 1566 1158 Ten·

186 1180 325 1272 heim,
354 1185 580 1260 Schultir.
609 1187 896 1274 Cleheheirn,
920 1188 1164 1275 Bertheinr,
1191 1184 1553 1284 Koppenwinden

574 1265 580 1278 Ι

186 1279 322 1377 Rode,
349 1279 559 1383 Lindech,
586 1274 975 1378 Livbricbesdorl,
1000 1282 1269 1365 llobenro'de
1288 1240 1569 1359 srmotendnln'td

189 1381 253 1455 hiis
291 1370 383 1458 villis
419 1390 587 1471 ettinens,
615 1389 755 1459 soluens
783 1407 883 1460 vnum
909 1402 1049 1483 porcum
1076 1379 1299 1474 hrds'wtn,
1335 1406 1409 1458 cum
1438 1374 1572 1456 dnth'ns'

188 1485 347 1579 piscariis
375 1490 408 1557 in
435 1486 537 1560 lluuio
564 1485 787 1568 Eherech,
814 1483 1076 1561 extendentibus
1104 1481 1142 1559 s'd
1170 1490 1189 1558 e'
1213 1485 1426 1560 ‘lenheinn
1455 1508 1564 1581 usque

186 1583 542 1660 iuBrellendorl
565 1600 600 1659 et
625 1587 744 1659 abinde
772 1611 878 1682 usque
905 1587 946 1659 ed
973 1585 1563 1683 molendinumBiherlooh,curn

187 1705 308 1758 eorum
333 1687 552 1781 pertinenciis
579 1691 684 1782 egris.
712 1691 828 1784 protis.
855 1691 1014 1784 pascuis,
1041 1687 1265 1776 molendinis,
1290 1690 1469 1784 piscariis,
1495 1685 1563 1756 sil-

187 1783 277 1860 uulis
304 1797 339 1857 st
366 1787 535 1881 uirgultis,
562 1791 641 1874 uiis,
669 1791 781 1876 inuiis,
808 1792 916 1882 cquis.
947 1810 1175 1883 equarumque
1201 1787 1401 1863 decursibus
1428 1797 1462 1860 et
1486 1785 1563 1880 eliis

187 1888 329 1979 quesitis
354 1898 392 1957 et
418 1889 644 1982 inquirendis:
676 1888 741 1960 hec
767 1891 880 1960 omnio
908 1911 968 1983 pro
994 1893 1114 1984 precio
1140 1899 1366 1962 trecentorum
1393 1891 1563 1981 quinque-

184 1987 278 2078 gints
300 1985 460 2058 libroruin
479 1984 679 2062 hullensium
702 1988 810 2060 eidem
822 1988 959 2062 tonino
973 2006 1050 2061 oneo
1059 1988 1244 2060 Bertholdo
1266 1992 1428 2084 episcopo
1450 1985 1563 2058 dediet

184 2083 307 2156 litteris
341 2087 559 2184 presentibus
594 2088 637 2160 do
673 2093 703 2160 ei
739 2099 773 2159 et
807 2089 959 2170 ecclesie
990 2089 1414 2184 herbipolensi'perpetuo
1441 2091 1562 2181 possis

184 2183 302 2270 dende.
363 2183 505 2282 Insuper
538 2209 636 2260 ineos
675 2189 830 2260 homines
866 2191 1020 2260 militaris
1057 2188 1268 2261 condicionis
1303 2188 1342 2260 sd
1371 2209 1424 2258 ne
1450 2189 1562 2287 perti-

183 2295 305 2359 nentes
340 2295 374 2358 et
401 2289 479 2379 juro
513 2287 679 2362 honorum
714 2309 865 2359 nieorum
901 2285 1082 2375 ieodnliorn
1118 2313 1136 2360 e
1171 2293 1256 2362 meis
1284 2285 1563 2384 progenitoribus

184 2385 238 2460 uel
267 2410 287 2456 u
313 2409 367 2458 me
394 2383 641 2462 inleodstorunn
670 2411 744 2460 curn
773 2387 903 2460 eisdern
930 2385 1028 2461 honis
1045 2383 1227 2460 infeodatis
1246 2413 1292 2460 ex
1309 2385 1385 2461 solo
1402 2385 1560 2467 liberali-

183 2488 261 2555 tatis
297 2507 374 2558 mee
409 2487 593 2560 donatione
630 2492 663 2560 in
698 2491 805 2582 ipsum
839 2499 876 2558 et
901 2491 933 2560 in
960 2506 1043 2560 suos
1070 2487 1242 2562 transiero
1269 2509 1496 2562 successores
1522 2509 1563 2562 eo

182 2581 458 2682 herbipolensem
492 2589 674 2660 ecclesiam
710 2585 948 2682 possidendos.
1007 2587 1053 2656 Vt
1086 2597 1198 2658 eutem
1221 2585 1569 2667 huiusmodi-doum,

181 2687 283 2757 tionis
303 2705 385 2758 mee
411 2685 579 2760 bonorem
605 2699 639 2760 et
672 2687 841 2759 hominurn
872 2682 985 2758 forme
1012 2685 1168 2762 erunibus
1193 2686 1340 2784 patefiet,
1367 2695 1562 2782 presentem

179 2779 1561 2984 ttttltl¹¹{titudtl,lllnultlntltttt‘institut

180 2983 361 3066 Lcnchein
390 2980 543 3067 ehhstnrn
572 2991 753 3060 munimine
780 2998 880 3081 etque
909 3011 986 3060 meo
1014 2985 1130 3083 sigillo
1158 2987 1298 3074 firmiter
1320 2989 1558 3061 conmunitsn.

182 3085 308 3158 Testes
336 3098 414 3158 sunt
438 3087 511 3160 hii:
537 3087 763 3182 lllonegoldus
790 3086 833 3158 de
858 3087 1044 3182 Nuenhurp
1070 3094 1276 3185 prepositus,
1302 3087 1560 3160 hibertusde-

180 3203 298 3272 cenos,
325 3185 494 3258 livdoltus
521 3189 739 3273 scolasticus,
767 3187 948 3260 conrados
968 3189 1010 3260 de
1027 3189 1182 3262 Telheirn
1210 3199 1340 3274 centor,
1362 3187 1561 3258 'Fridericus

109 3347 114 3360 .
180 3284 222 3358 de
248 3285 458 3381 llohenhorg
481 3292 708 3384 portenarios,
736 3287 910 3358 Arnoldns
940 3299 1070 3376 custos,
1097 3284 1312 3361 Wern'herds
1338 3285 1560 3358 detlcnnen·

179 3383 266 3480 berg
293 3385 563 3478 archidinconus,
590 3387 771 3460 Heinricus
798 3386 840 3457 de
866 3385 1064 3478 Wechrnur,
1091 3389 1256 3483 magister
1281 3389 1471 3479 Gregorius
1497 3405 1560 3456 er-
1626 3387 1630 3392 '

178 3479 410 3582 chidysconus
445 3495 478 3560 et
515 3487 572 3558 elii
607 3491 762 3560 canonici
789 3491 929 3560 maioris
957 3487 1108 3562 ecclesie
1136 3487 1399 3592 herbipolensis.
1450 3483 1557 3582 Lepci

179 3607 291 3661 vero:
319 3583 530 3660 Wollelinus
556 3585 598 3660 de
623 3585 824 3676 Grunbsclu,
853 3585 1025 3660 lleroldus
1052 3587 1095 3660 de
1122 3586 1296 3676 Tronstot,
1323 3585 1491 3660 Gerlueus
1517 3583 1559 3661 de

179 3685 380 3776 Tundelelt,
413 3686 628 3760 Hermennus
655 3687 697 3760 de
723 3687 931 3781 Cellingen,
957 3687 1131 3762 Jobennes
1156 3689 1321 3782 Flieger,
1344 3688 1558 3760 hammus

176 3783 304 3872 blntel,
339 3785 516 3858 Gunrodus
550 3785 638 3858 lilius
672 3787 827 3860 eduoceti
863 3787 905 3859 de
940 3787 1123 3884 Woltporg
1157 3800 1192 3861 et
1219 3787 1402 3882 elii'qunm
1425 3785 1556 3881 plures.

176 3887 265 3958 Actu
291 3897 368 3958 sunt
394 3887 458 3958 heo
484 3906 573 3960 enno
597 3879 724 3960 domini
751 3887 936 3961 llllGthl
963 3899 1099 3976 octono,
1125 3885 1233 3984 pridie
1260 3906 1368 3960 nones
1386 3883 1559 3974 Octobris,

178 3984 362 4079 indictione
378 3987 534 4084 septimo,
546 3985 760 4086 pontificatus
775 3989 918 4086 predictl
933 3987 1059 4062 domini
1074 3991 1141 4062 inei
1155 3989 1308 4086 episcopi
1323 4007 1411 4062 enno
1425 3995 1557 4085 questo.

385 4119 565 4204 hppendent
584 4125 641 4188 trie
662 4121 769 4206 ealle.
1148 4189 1225 4268 62*
