<?xml version="1.0" encoding="UTF-8"?>
<!DOCTYPE html PUBLIC "-//W3C//DTD XHTML 1.0 Transitional//EN"
    "http://www.w3.org/TR/xhtml1/DTD/xhtml1-transitional.dtd">
<html xmlns="http://www.w3.org/1999/xhtml" xml:lang="en" lang="en">
 <head>
  <title>
</title>
<meta http-equiv="Content-Type" content="text/html;charset=utf-8" />
  <meta name='ocr-system' content='tesseract 3.04.00' />
  <meta name='ocr-capabilities' content='ocr_page ocr_carea ocr_par ocr_line ocrx_word'/>
</head>
<body>
  <div class='ocr_page' id='page_1' title='image "./monumentaboica00karagoog_0362.png"; bbox 0 0 3774 4728; ppageno 0'>
   <div class='ocr_carea' id='block_1_1' title="bbox 317 459 1105 542">
    <p class='ocr_par' dir='ltr' id='par_1_1' title="bbox 317 459 1105 542">
     <span class='ocr_line' id='line_1_1' title="bbox 317 459 1105 542; baseline -0.008 0"><span class='ocrx_word' id='word_1_1' title='bbox 317 466 389 542; x_wconf 80' lang='lat'><strong>350</strong></span> <span class='ocrx_word' id='word_1_2' title='bbox 887 459 1105 539; x_wconf 87' lang='lat' dir='ltr'><strong>bionumenta</strong></span> 
     </span>
    </p>
   </div>
   <div class='ocr_carea' id='block_1_2' title="bbox 244 661 1708 1566">
    <p class='ocr_par' dir='ltr' id='par_1_2' title="bbox 244 661 1708 1566">
     <span class='ocr_line' id='line_1_2' title="bbox 323 661 1708 760; baseline -0.001 -18"><span class='ocrx_word' id='word_1_3' title='bbox 323 665 524 742; x_wconf 88' lang='lat' dir='ltr'><strong>oenbaro</strong></span> <span class='ocrx_word' id='word_1_4' title='bbox 560 663 696 739; x_wconf 87' lang='lat' dir='ltr'><strong>subiato</strong></span> <span class='ocrx_word' id='word_1_5' title='bbox 734 661 938 760; x_wconf 83' lang='lat' dir='ltr'><strong>demedio,</strong></span> <span class='ocrx_word' id='word_1_6' title='bbox 977 667 1012 740; x_wconf 91' lang='lat' dir='ltr'><strong>in</strong></span> <span class='ocrx_word' id='word_1_7' title='bbox 1037 661 1287 740; x_wconf 86' lang='lat' dir='ltr'><strong>obseruaeione</strong></span> <span class='ocrx_word' id='word_1_8' title='bbox 1319 669 1398 738; x_wconf 91' lang='lat' dir='ltr'><strong>anni</strong></span> <span class='ocrx_word' id='word_1_9' title='bbox 1424 669 1535 760; x_wconf 83' lang='lat' dir='ltr'><strong>gratie</strong></span> <span class='ocrx_word' id='word_1_10' title='bbox 1569 675 1603 739; x_wconf 86' lang='lat' dir='ltr'><strong>et</strong></span> <span class='ocrx_word' id='word_1_11' title='bbox 1630 671 1708 740; x_wconf 84' lang='lat' dir='ltr'><strong>anni</strong></span> 
     </span>
     <span class='ocr_line' id='line_1_3' title="bbox 325 765 1708 861; baseline -0.002 -18"><span class='ocrx_word' id='word_1_12' title='bbox 325 769 455 843; x_wconf 83' lang='lat' dir='ltr'><strong>fabrice</strong></span> <span class='ocrx_word' id='word_1_13' title='bbox 478 765 692 841; x_wconf 73' lang='lat' dir='ltr'><strong>consuetudo</strong></span> <span class='ocrx_word' id='word_1_14' title='bbox 719 776 897 858; x_wconf 80' lang='lat' dir='ltr'><strong>seruetur,</strong></span> <span class='ocrx_word' id='word_1_15' title='bbox 924 789 989 861; x_wconf 90' lang='lat' dir='ltr'><strong>que</strong></span> <span class='ocrx_word' id='word_1_16' title='bbox 1016 769 1049 839; x_wconf 92' lang='lat' dir='ltr'><strong>in</strong></span> <span class='ocrx_word' id='word_1_17' title='bbox 1076 766 1226 838; x_wconf 85' lang='lat' dir='ltr'><strong>ecelesia</strong></span> <span class='ocrx_word' id='word_1_18' title='bbox 1251 777 1371 839; x_wconf 88' lang='lat' dir='ltr'><strong>nostra</strong></span> <span class='ocrx_word' id='word_1_19' title='bbox 1391 769 1572 840; x_wconf 85' lang='lat' dir='ltr'><strong>consueuit</strong></span> <span class='ocrx_word' id='word_1_20' title='bbox 1597 766 1708 840; x_wconf 88' lang='lat' dir='ltr'><strong>deee-</strong></span> 
     </span>
     <span class='ocr_line' id='line_1_4' title="bbox 244 865 1705 964; baseline -0.001 -23"><span class='ocrx_word' id='word_1_21' title='bbox 244 951 255 964; x_wconf 37' lang='lat'>,</span> <span class='ocrx_word' id='word_1_22' title='bbox 324 869 479 942; x_wconf 77' lang='lat' dir='ltr'><strong>dentibus</strong></span> <span class='ocrx_word' id='word_1_23' title='bbox 507 868 654 940; x_wconf 89' lang='lat' dir='ltr'><strong>dominis</strong></span> <span class='ocrx_word' id='word_1_24' title='bbox 671 865 860 940; x_wconf 90' lang='lat' dir='ltr'><strong>obseruari.</strong></span> <span class='ocrx_word' id='word_1_25' title='bbox 899 867 945 940; x_wconf 83' lang='lat' dir='ltr'><strong>lit</strong></span> <span class='ocrx_word' id='word_1_26' title='bbox 970 869 1047 962; x_wconf 90' lang='lat' dir='ltr'><strong>quia</strong></span> <span class='ocrx_word' id='word_1_27' title='bbox 1074 889 1126 955; x_wconf 87' lang='lat' dir='ltr'><strong>ea,</strong></span> <span class='ocrx_word' id='word_1_28' title='bbox 1154 887 1220 962; x_wconf 84' lang='lat' dir='ltr'><strong>que</strong></span> <span class='ocrx_word' id='word_1_29' title='bbox 1245 870 1334 939; x_wconf 91' lang='lat' dir='ltr'><strong>inter</strong></span> <span class='ocrx_word' id='word_1_30' title='bbox 1348 867 1521 964; x_wconf 84' lang='lat' dir='ltr'><strong>presentis</strong></span> <span class='ocrx_word' id='word_1_31' title='bbox 1538 871 1705 963; x_wconf 88' lang='lat' dir='ltr'><strong>temporis</strong></span> 
     </span>
     <span class='ocr_line' id='line_1_5' title="bbox 319 965 1705 1064; baseline 0 -24"><span class='ocrx_word' id='word_1_32' title='bbox 319 970 476 1042; x_wconf 85' lang='lat' dir='ltr'><strong>homines</strong></span> <span class='ocrx_word' id='word_1_33' title='bbox 501 967 602 1062; x_wconf 85' lang='lat' dir='ltr'><strong>digna</strong></span> <span class='ocrx_word' id='word_1_34' title='bbox 628 970 794 1041; x_wconf 85' lang='lat' dir='ltr'><strong>memoria</strong></span> <span class='ocrx_word' id='word_1_35' title='bbox 822 965 1083 1058; x_wconf 79' lang='lat' dir='ltr'><strong>contrahuntur,</strong></span> <span class='ocrx_word' id='word_1_36' title='bbox 1108 968 1161 1040; x_wconf 85' lang='lat' dir='ltr'><strong>sio</strong></span> <span class='ocrx_word' id='word_1_37' title='bbox 1186 975 1264 1040; x_wconf 90' lang='lat' dir='ltr'><strong>sunt</strong></span> <span class='ocrx_word' id='word_1_38' title='bbox 1289 970 1425 1064; x_wconf 86' lang='lat' dir='ltr'><strong>seriptis</strong></span> <span class='ocrx_word' id='word_1_39' title='bbox 1450 977 1487 1040; x_wconf 85' lang='lat' dir='ltr'><strong>et</strong></span> <span class='ocrx_word' id='word_1_40' title='bbox 1511 965 1705 1061; x_wconf 82' lang='lat' dir='ltr'><strong>sigillorum</strong></span> 
     </span>
     <span class='ocr_line' id='line_1_6' title="bbox 320 1066 1704 1167; baseline 0 -25"><span class='ocrx_word' id='word_1_41' title='bbox 320 1068 584 1167; x_wconf 78' lang='lat' dir='ltr'>appensionibus</span> <span class='ocrx_word' id='word_1_42' title='bbox 611 1067 816 1156; x_wconf 69' lang='lat' dir='ltr'><strong>roboranda,</strong></span> <span class='ocrx_word' id='word_1_43' title='bbox 842 1090 887 1139; x_wconf 90' lang='lat' dir='ltr'><strong>ne</strong></span> <span class='ocrx_word' id='word_1_44' title='bbox 912 1087 976 1164; x_wconf 91' lang='lat' dir='ltr'><strong>per</strong></span> <span class='ocrx_word' id='word_1_45' title='bbox 1000 1066 1183 1141; x_wconf 92' lang='lat' dir='ltr'><strong>obliuionis</strong></span> <span class='ocrx_word' id='word_1_46' title='bbox 1210 1070 1350 1140; x_wconf 84' lang='lat' dir='ltr'><strong>exitium</strong></span> <span class='ocrx_word' id='word_1_47' title='bbox 1376 1066 1546 1140; x_wconf 77' lang='lat' dir='ltr'><strong>excedant</strong></span> <span class='ocrx_word' id='word_1_48' title='bbox 1582 1071 1704 1142; x_wconf 89' lang='lat' dir='ltr'><strong>soien-</strong></span> 
     </span>
     <span class='ocr_line' id='line_1_7' title="bbox 320 1167 1705 1264; baseline -0.002 -21"><span class='ocrx_word' id='word_1_49' title='bbox 320 1174 400 1243; x_wconf 90' lang='lat' dir='ltr'><strong>tiam</strong></span> <span class='ocrx_word' id='word_1_50' title='bbox 424 1169 638 1259; x_wconf 79' lang='lat' dir='ltr'><strong>futurorum,</strong></span> <span class='ocrx_word' id='word_1_51' title='bbox 661 1171 698 1242; x_wconf 93' lang='lat' dir='ltr'><strong>in</strong></span> <span class='ocrx_word' id='word_1_52' title='bbox 725 1167 908 1241; x_wconf 89' lang='lat' dir='ltr'><strong>obliuiouis</strong></span> <span class='ocrx_word' id='word_1_53' title='bbox 935 1169 1174 1240; x_wconf 77' lang='lat' dir='ltr'>exterminium</span> <span class='ocrx_word' id='word_1_54' title='bbox 1199 1177 1394 1264; x_wconf 81' lang='lat' dir='ltr'><strong>presentem</strong></span> <span class='ocrx_word' id='word_1_55' title='bbox 1420 1171 1578 1264; x_wconf 83' lang='lat' dir='ltr'><strong>paginam</strong></span> <span class='ocrx_word' id='word_1_56' title='bbox 1613 1191 1705 1241; x_wconf 90' lang='lat' dir='ltr'><strong>eon-</strong></span> 
     </span>
     <span class='ocr_line' id='line_1_8' title="bbox 321 1266 1704 1364; baseline -0.003 -20"><span class='ocrx_word' id='word_1_57' title='bbox 321 1270 425 1344; x_wconf 88' lang='lat' dir='ltr'><strong>seribi</strong></span> <span class='ocrx_word' id='word_1_58' title='bbox 450 1268 592 1342; x_wconf 82' lang='lat' dir='ltr'><strong>fecimus</strong></span> <span class='ocrx_word' id='word_1_59' title='bbox 619 1280 654 1341; x_wconf 89' lang='lat' dir='ltr'><strong>et</strong></span> <span class='ocrx_word' id='word_1_60' title='bbox 679 1267 804 1362; x_wconf 83' lang='lat' dir='ltr'>sigillis</span> <span class='ocrx_word' id='word_1_61' title='bbox 831 1278 952 1341; x_wconf 88' lang='lat' dir='ltr'><strong>nostro</strong></span> <span class='ocrx_word' id='word_1_62' title='bbox 980 1277 1015 1340; x_wconf 92' lang='lat' dir='ltr'><strong>et</strong></span> <span class='ocrx_word' id='word_1_63' title='bbox 1029 1267 1164 1364; x_wconf 88' lang='lat' dir='ltr'><strong>capituli</strong></span> <span class='ocrx_word' id='word_1_64' title='bbox 1180 1267 1349 1342; x_wconf 86' lang='lat' dir='ltr'><strong>roborari.</strong></span> <span class='ocrx_word' id='word_1_65' title='bbox 1376 1269 1497 1342; x_wconf 91' lang='lat' dir='ltr'><strong>Datum</strong></span> <span class='ocrx_word' id='word_1_66' title='bbox 1513 1266 1704 1364; x_wconf 74' lang='lat' dir='ltr'><strong>Herbipoli‚</strong></span> 
     </span>
     <span class='ocr_line' id='line_1_9' title="bbox 322 1366 1706 1464; baseline -0.001 -22"><span class='ocrx_word' id='word_1_67' title='bbox 322 1393 412 1444; x_wconf 90' lang='lat' dir='ltr'><strong>anno</strong></span> <span class='ocrx_word' id='word_1_68' title='bbox 439 1373 549 1464; x_wconf 84' lang='lat' dir='ltr'><strong>gratie</strong></span> <span class='ocrx_word' id='word_1_69' title='bbox 574 1369 634 1442; x_wconf 61' lang='grc' dir='ltr'><strong>ΜΟ·</strong></span> <span class='ocrx_word' id='word_1_70' title='bbox 657 1366 739 1442; x_wconf 90' lang='lat' dir='ltr'><strong>CC⁰·</strong></span> <span class='ocrx_word' id='word_1_71' title='bbox 763 1368 833 1460; x_wconf 82' lang='lat' dir='ltr'><strong>L⁰·‚</strong></span> <span class='ocrx_word' id='word_1_72' title='bbox 858 1366 963 1440; x_wconf 84' lang='lat' dir='ltr'>XV10·</span> <span class='ocrx_word' id='word_1_73' title='bbox 996 1367 1161 1442; x_wconf 81' lang='lat' dir='ltr'><strong>habendas</strong></span> <span class='ocrx_word' id='word_1_74' title='bbox 1187 1369 1351 1461; x_wconf 77' lang='lat' dir='ltr'><strong>ianuarii,</strong></span> <span class='ocrx_word' id='word_1_75' title='bbox 1377 1367 1562 1442; x_wconf 82' lang='lat' dir='ltr'>indictione</span> <span class='ocrx_word' id='word_1_76' title='bbox 1587 1367 1706 1461; x_wconf 77' lang='lat' dir='ltr'><strong>vitri,</strong></span> 
     </span>
     <span class='ocr_line' id='line_1_10' title="bbox 320 1469 1120 1566; baseline -0.004 -22"><span class='ocrx_word' id='word_1_77' title='bbox 320 1469 535 1566; x_wconf 81' lang='lat' dir='ltr'><strong>ponufieaus</strong></span> <span class='ocrx_word' id='word_1_78' title='bbox 561 1471 671 1542; x_wconf 91' lang='lat' dir='ltr'><strong>nostri</strong></span> <span class='ocrx_word' id='word_1_79' title='bbox 697 1491 786 1543; x_wconf 90' lang='lat' dir='ltr'><strong>anno</strong></span> <span class='ocrx_word' id='word_1_80' title='bbox 811 1472 979 1546; x_wconf 79' lang='lat' dir='ltr'><strong>vicesimo</strong></span> <span class='ocrx_word' id='word_1_81' title='bbox 1006 1477 1120 1543; x_wconf 90' lang='lat' dir='ltr'><strong>sexto.</strong></span> 
     </span>
    </p>
   </div>
   <div class='ocr_carea' id='block_1_3' title="bbox 530 1603 1705 1879">
    <p class='ocr_par' dir='ltr' id='par_1_3' title="bbox 530 1603 1705 1879">
     <span class='ocr_line' id='line_1_11' title="bbox 532 1603 1099 1755; baseline 0 -22"><span class='ocrx_word' id='word_1_82' title='bbox 532 1670 711 1752; x_wconf 76' lang='lat' dir='ltr'><strong>Fragmenta</strong></span> <span class='ocrx_word' id='word_1_83' title='bbox 734 1669 899 1755; x_wconf 80' lang='lat' dir='ltr'><strong>sigillorum</strong></span> <span class='ocrx_word' id='word_1_84' title='bbox 921 1603 1099 1753; x_wconf 77' lang='lat' dir='ltr'><strong>appendent.</strong></span> 
     </span>
     <span class='ocr_line' id='line_1_12' title="bbox 530 1787 1705 1879; baseline 0.002 -25"><span class='ocrx_word' id='word_1_85' title='bbox 530 1788 647 1855; x_wconf 83' lang='lat' dir='ltr'><strong>Editurn</strong></span> <span class='ocrx_word' id='word_1_86' title='bbox 668 1795 698 1853; x_wconf 90' lang='lat' dir='ltr'><strong>in</strong></span> <span class='ocrx_word' id='word_1_87' title='bbox 720 1789 833 1879; x_wconf 81' lang='lat' dir='ltr'><strong>daeger</strong></span> <span class='ocrx_word' id='word_1_88' title='bbox 855 1788 1033 1856; x_wconf 82' lang='lat' dir='ltr'><strong>oasetnctta</strong></span> <span class='ocrx_word' id='word_1_89' title='bbox 1055 1789 1276 1857; x_wconf 79' lang='lat' dir='ltr'><strong>Franheotands</strong></span> <span class='ocrx_word' id='word_1_90' title='bbox 1298 1789 1344 1855; x_wconf 89' lang='lat' dir='ltr'><strong>iii.</strong></span> <span class='ocrx_word' id='word_1_91' title='bbox 1368 1811 1397 1875; x_wconf 92' lang='lat' dir='ltr'><strong>p.</strong></span> <span class='ocrx_word' id='word_1_92' title='bbox 1420 1787 1482 1854; x_wconf 77' lang='lat'><strong>412</strong></span> <span class='ocrx_word' id='word_1_93' title='bbox 1508 1789 1559 1856; x_wconf 85' lang='lat' dir='ltr'><strong>Nn.</strong></span> <span class='ocrx_word' id='word_1_94' title='bbox 1583 1789 1654 1854; x_wconf 83' lang='lat' dir='ltr'>LIV.</span> <span class='ocrx_word' id='word_1_95' title='bbox 1678 1811 1705 1856; x_wconf 86' lang='lat' dir='ltr'><strong>a.</strong></span> 
     </span>
    </p>
   </div>
   <div class='ocr_carea' id='block_1_4' title="bbox 935 2207 1109 2285">
    <p class='ocr_par' dir='ltr' id='par_1_4' title="bbox 935 2207 1109 2285">
     <span class='ocr_line' id='line_1_13' title="bbox 935 2207 1109 2285; baseline -0.006 -1"><span class='ocrx_word' id='word_1_96' title='bbox 935 2207 1109 2285; x_wconf 78' lang='lat' dir='ltr'>CCCXIII.</span> 
     </span>
    </p>
   </div>
   <div class='ocr_carea' id='block_1_5' title="bbox 748 2407 1305 2492">
    <p class='ocr_par' dir='ltr' id='par_1_5' title="bbox 748 2407 1305 2492">
     <span class='ocr_line' id='line_1_14' title="bbox 748 2407 1305 2492; baseline 0.004 -17"><span class='ocrx_word' id='word_1_97' title='bbox 748 2410 836 2476; x_wconf 81' lang='lat' dir='ltr'><strong>Auno</strong></span> <span class='ocrx_word' id='word_1_98' title='bbox 861 2407 970 2492; x_wconf 58' lang='lat'>1250„</span> <span class='ocrx_word' id='word_1_99' title='bbox 993 2428 1096 2476; x_wconf 90' lang='lat' dir='ltr'><strong>meuse</strong></span> <span class='ocrx_word' id='word_1_100' title='bbox 1118 2409 1305 2477; x_wconf 86' lang='lat' dir='ltr'><strong>Decembris.</strong></span> 
     </span>
    </p>
   </div>
   <div class='ocr_carea' id='block_1_6' title="bbox 325 2589 1709 2973">
    <p class='ocr_par' dir='ltr' id='par_1_6' title="bbox 325 2589 1709 2973">
     <span class='ocr_line' id='line_1_15' title="bbox 327 2589 1708 2694; baseline -0.003 -20"><span class='ocrx_word' id='word_1_101' title='bbox 327 2601 509 2674; x_wconf 87' lang='lat' dir='ltr'><strong>Heinrieus</strong></span> <span class='ocrx_word' id='word_1_102' title='bbox 536 2597 641 2669; x_wconf 90' lang='lat' dir='ltr'><strong>abbas</strong></span> <span class='ocrx_word' id='word_1_103' title='bbox 668 2597 883 2674; x_wconf 84' lang='lat' dir='ltr'><strong>tharisiensis</strong></span> <span class='ocrx_word' id='word_1_104' title='bbox 908 2589 1104 2671; x_wconf 83' lang='lat' dir='ltr'><strong>Hermanno</strong></span> <span class='ocrx_word' id='word_1_105' title='bbox 1131 2601 1296 2694; x_wconf 86' lang='lat' dir='ltr'><strong>episeopo</strong></span> <span class='ocrx_word' id='word_1_106' title='bbox 1322 2595 1558 2692; x_wconf 89' lang='lat' dir='ltr'><strong>herbipolensi</strong></span> <span class='ocrx_word' id='word_1_107' title='bbox 1584 2596 1708 2670; x_wconf 89' lang='lat' dir='ltr'><strong>silvam</strong></span> 
     </span>
     <span class='ocr_line' id='line_1_16' title="bbox 325 2695 1709 2794; baseline -0.003 -21"><span class='ocrx_word' id='word_1_108' title='bbox 325 2695 516 2790; x_wconf 71' lang='lat' dir='ltr'><strong>sictritii,</strong></span> <span class='ocrx_word' id='word_1_109' title='bbox 542 2721 640 2794; x_wconf 90' lang='lat' dir='ltr'><strong>quam</strong></span> <span class='ocrx_word' id='word_1_110' title='bbox 666 2698 755 2771; x_wconf 91' lang='lat' dir='ltr'><strong>idem</strong></span> <span class='ocrx_word' id='word_1_111' title='bbox 782 2697 822 2769; x_wconf 88' lang='lat' dir='ltr'><strong>ab</strong></span> <span class='ocrx_word' id='word_1_112' title='bbox 848 2697 1031 2773; x_wconf 90' lang='lat' dir='ltr'><strong>heredibus</strong></span> <span class='ocrx_word' id='word_1_113' title='bbox 1060 2697 1234 2771; x_wconf 87' lang='lat' dir='ltr'><strong>Thimonis</strong></span> <span class='ocrx_word' id='word_1_114' title='bbox 1262 2699 1304 2770; x_wconf 92' lang='lat' dir='ltr'><strong>de</strong></span> <span class='ocrx_word' id='word_1_115' title='bbox 1329 2695 1469 2770; x_wconf 89' lang='lat' dir='ltr'><strong>Vrbeim</strong></span> <span class='ocrx_word' id='word_1_116' title='bbox 1497 2695 1709 2788; x_wconf 82' lang='lat' dir='ltr'><strong>absolverat,</strong></span> 
     </span>
     <span class='ocr_line' id='line_1_17' title="bbox 329 2795 1707 2973; baseline 0 -99"><span class='ocrx_word' id='word_1_117' title='bbox 329 2823 404 2875; x_wconf 85' lang='lat' dir='ltr'><strong>eum</strong></span> <span class='ocrx_word' id='word_1_118' title='bbox 432 2799 508 2872; x_wconf 87' lang='lat' dir='ltr'><strong>aliis</strong></span> <span class='ocrx_word' id='word_1_119' title='bbox 534 2797 634 2873; x_wconf 92' lang='lat' dir='ltr'><strong>bonis</strong></span> <span class='ocrx_word' id='word_1_120' title='bbox 661 2799 696 2872; x_wconf 91' lang='lat' dir='ltr'><strong>iu</strong></span> <span class='ocrx_word' id='word_1_121' title='bbox 721 2797 994 2973; x_wconf 62' lang='lat' dir='ltr'><strong>Branberopimpp</strong></span> <span class='ocrx_word' id='word_1_122' title='bbox 1018 2795 1155 2972; x_wconf 51' lang='lat' dir='ltr'><strong>{ipippph</strong></span> <span class='ocrx_word' id='word_1_123' title='bbox 1192 2801 1257 2896; x_wconf 92' lang='lat' dir='ltr'><strong>ipsi</strong></span> <span class='ocrx_word' id='word_1_124' title='bbox 1283 2795 1455 2891; x_wconf 83' lang='lat' dir='ltr'><strong>venditis,</strong></span> <span class='ocrx_word' id='word_1_125' title='bbox 1490 2801 1707 2896; x_wconf 87' lang='lat' dir='ltr'><strong>proprietatis</strong></span> 
     </span>
    </p>
   </div>
   <div class='ocr_carea' id='block_1_7' title="bbox 329 3067 1712 4069">
    <p class='ocr_par' dir='ltr' id='par_1_7' title="bbox 329 3067 1712 4069">
     <span class='ocr_line' id='line_1_18' title="bbox 428 3067 1709 3166; baseline -0.001 -23"><span class='ocrx_word' id='word_1_126' title='bbox 428 3070 680 3144; x_wconf 87' lang='lat' dir='ltr'><strong>Heinrious</strong></span> <span class='ocrx_word' id='word_1_127' title='bbox 706 3067 824 3160; x_wconf 75' lang='lat' dir='ltr'><strong>abbas,</strong></span> <span class='ocrx_word' id='word_1_128' title='bbox 857 3072 952 3166; x_wconf 93' lang='lat' dir='ltr'><strong>prior</strong></span> <span class='ocrx_word' id='word_1_129' title='bbox 978 3079 1013 3142; x_wconf 94' lang='lat' dir='ltr'><strong>et</strong></span> <span class='ocrx_word' id='word_1_130' title='bbox 1037 3079 1227 3143; x_wconf 83' lang='lat' dir='ltr'><strong>conuentus</strong></span> <span class='ocrx_word' id='word_1_131' title='bbox 1260 3069 1475 3144; x_wconf 83' lang='lat' dir='ltr'><strong>tharisiensis</strong></span> <span class='ocrx_word' id='word_1_132' title='bbox 1508 3073 1709 3143; x_wconf 90' lang='lat' dir='ltr'><strong>monasterii</strong></span> 
     </span>
     <span class='ocr_line' id='line_1_19' title="bbox 329 3168 1708 3265; baseline -0.001 -20"><span class='ocrx_word' id='word_1_133' title='bbox 329 3174 501 3245; x_wconf 81' lang='lat' dir='ltr'><strong>uniuersis</strong></span> <span class='ocrx_word' id='word_1_134' title='bbox 527 3169 652 3243; x_wconf 89' lang='lat' dir='ltr'><strong>Christi</strong></span> <span class='ocrx_word' id='word_1_135' title='bbox 676 3168 831 3242; x_wconf 91' lang='lat' dir='ltr'><strong>iidelibus</strong></span> <span class='ocrx_word' id='word_1_136' title='bbox 856 3180 971 3244; x_wconf 90' lang='lat' dir='ltr'><strong>notum</strong></span> <span class='ocrx_word' id='word_1_137' title='bbox 998 3192 1082 3244; x_wconf 90' lang='lat' dir='ltr'><strong>esse</strong></span> <span class='ocrx_word' id='word_1_138' title='bbox 1107 3170 1287 3259; x_wconf 90' lang='lat' dir='ltr'><strong>uolumus,</strong></span> <span class='ocrx_word' id='word_1_139' title='bbox 1327 3169 1416 3265; x_wconf 89' lang='lat' dir='ltr'><strong>quod</strong></span> <span class='ocrx_word' id='word_1_140' title='bbox 1449 3193 1524 3242; x_wconf 87' lang='lat' dir='ltr'><strong>cum</strong></span> <span class='ocrx_word' id='word_1_141' title='bbox 1560 3170 1708 3244; x_wconf 86' lang='lat' dir='ltr'><strong>Thimo</strong></span> 
     </span>
     <span class='ocr_line' id='line_1_20' title="bbox 331 3265 1709 3366; baseline -0.001 -22"><span class='ocrx_word' id='word_1_142' title='bbox 331 3273 374 3344; x_wconf 92' lang='lat' dir='ltr'><strong>de</strong></span> <span class='ocrx_word' id='word_1_143' title='bbox 400 3271 580 3344; x_wconf 90' lang='lat' dir='ltr'><strong>Vrheim</strong></span> <span class='ocrx_word' id='word_1_144' title='bbox 606 3271 711 3344; x_wconf 83' lang='lat' dir='ltr'><strong>multo</strong></span> <span class='ocrx_word' id='word_1_145' title='bbox 736 3280 892 3366; x_wconf 90' lang='lat' dir='ltr'><strong>tempore</strong></span> <span class='ocrx_word' id='word_1_146' title='bbox 917 3269 1038 3345; x_wconf 88' lang='lat' dir='ltr'><strong>siluam</strong></span> <span class='ocrx_word' id='word_1_147' title='bbox 1064 3269 1227 3366; x_wconf 89' lang='lat' dir='ltr'><strong>quandam</strong></span> <span class='ocrx_word' id='word_1_148' title='bbox 1265 3269 1389 3345; x_wconf 88' lang='lat' dir='ltr'><strong>dietam</strong></span> <span class='ocrx_word' id='word_1_149' title='bbox 1421 3265 1653 3343; x_wconf 80' lang='lat' dir='ltr'><strong>Eiohilbil</strong></span> <span class='ocrx_word' id='word_1_150' title='bbox 1689 3295 1709 3342; x_wconf 90' lang='lat' dir='ltr'><strong>a</strong></span> 
     </span>
     <span class='ocr_line' id='line_1_21' title="bbox 331 3369 1709 3467; baseline -0.001 -21"><span class='ocrx_word' id='word_1_151' title='bbox 331 3383 451 3446; x_wconf 90' lang='lat' dir='ltr'><strong>nostra</strong></span> <span class='ocrx_word' id='word_1_152' title='bbox 476 3369 693 3467; x_wconf 86' lang='lat' dir='ltr'><strong>possedisset</strong></span> <span class='ocrx_word' id='word_1_153' title='bbox 718 3371 881 3462; x_wconf 75' lang='lat' dir='ltr'><strong>eeclesia,</strong></span> <span class='ocrx_word' id='word_1_154' title='bbox 908 3391 973 3466; x_wconf 89' lang='lat' dir='ltr'><strong>que</strong></span> <span class='ocrx_word' id='word_1_155' title='bbox 997 3381 1078 3467; x_wconf 92' lang='lat' dir='ltr'><strong>post</strong></span> <span class='ocrx_word' id='word_1_156' title='bbox 1104 3379 1248 3444; x_wconf 89' lang='lat' dir='ltr'><strong>mortem</strong></span> <span class='ocrx_word' id='word_1_157' title='bbox 1275 3373 1349 3444; x_wconf 84' lang='lat' dir='ltr'><strong>eIus</strong></span> <span class='ocrx_word' id='word_1_158' title='bbox 1364 3391 1574 3466; x_wconf 86' lang='lat' dir='ltr'><strong>nequaquam</strong></span> <span class='ocrx_word' id='word_1_159' title='bbox 1595 3369 1709 3444; x_wconf 89' lang='lat' dir='ltr'><strong>redire</strong></span> 
     </span>
     <span class='ocr_line' id='line_1_22' title="bbox 329 3469 1708 3570; baseline -0.001 -26"><span class='ocrx_word' id='word_1_160' title='bbox 329 3475 437 3570; x_wconf 86' lang='lat' dir='ltr'><strong>potuit</strong></span> <span class='ocrx_word' id='word_1_161' title='bbox 462 3471 503 3543; x_wconf 87' lang='lat' dir='ltr'><strong>ad</strong></span> <span class='ocrx_word' id='word_1_162' title='bbox 529 3494 612 3544; x_wconf 90' lang='lat' dir='ltr'><strong>usus</strong></span> <span class='ocrx_word' id='word_1_163' title='bbox 638 3481 778 3545; x_wconf 90' lang='lat' dir='ltr'><strong>nostros</strong></span> <span class='ocrx_word' id='word_1_164' title='bbox 803 3481 944 3568; x_wconf 91' lang='lat' dir='ltr'><strong>propter</strong></span> <span class='ocrx_word' id='word_1_165' title='bbox 969 3469 1136 3560; x_wconf 77' lang='lat' dir='ltr'><strong>harenas,</strong></span> <span class='ocrx_word' id='word_1_166' title='bbox 1162 3492 1248 3565; x_wconf 89' lang='lat' dir='ltr'><strong>quos</strong></span> <span class='ocrx_word' id='word_1_167' title='bbox 1276 3469 1469 3561; x_wconf 72' lang='lat' dir='ltr'><strong>dimiserat,</strong></span> <span class='ocrx_word' id='word_1_168' title='bbox 1502 3493 1567 3546; x_wconf 89' lang='lat' dir='ltr'><strong>nos</strong></span> <span class='ocrx_word' id='word_1_169' title='bbox 1600 3473 1708 3567; x_wconf 85' lang='lat' dir='ltr'><strong>ipsum</strong></span> 
     </span>
     <span class='ocr_line' id='line_1_23' title="bbox 329 3569 1710 3668; baseline -0.004 -19"><span class='ocrx_word' id='word_1_170' title='bbox 329 3574 451 3649; x_wconf 90' lang='lat' dir='ltr'><strong>siluam</strong></span> <span class='ocrx_word' id='word_1_171' title='bbox 477 3571 614 3644; x_wconf 90' lang='lat' dir='ltr'><strong>domino</strong></span> <span class='ocrx_word' id='word_1_172' title='bbox 639 3583 760 3644; x_wconf 91' lang='lat' dir='ltr'><strong>nostro</strong></span> <span class='ocrx_word' id='word_1_173' title='bbox 786 3571 1033 3646; x_wconf 88' lang='lat' dir='ltr'><strong>Hermanno</strong></span> <span class='ocrx_word' id='word_1_174' title='bbox 1060 3569 1293 3667; x_wconf 86' lang='lat' dir='ltr'><strong>herbipolensi</strong></span> <span class='ocrx_word' id='word_1_175' title='bbox 1327 3574 1515 3668; x_wconf 78' lang='lat' dir='ltr'><strong>episcopo,</strong></span> <span class='ocrx_word' id='word_1_176' title='bbox 1552 3574 1608 3667; x_wconf 86' lang='lat' dir='ltr'><strong>qui</strong></span> <span class='ocrx_word' id='word_1_177' title='bbox 1634 3594 1710 3644; x_wconf 86' lang='lat' dir='ltr'><strong>eam</strong></span> 
     </span>
     <span class='ocr_line' id='line_1_24' title="bbox 331 3669 1709 3769; baseline 0.001 -24"><span class='ocrx_word' id='word_1_178' title='bbox 331 3673 373 3745; x_wconf 89' lang='lat' dir='ltr'><strong>ab</strong></span> <span class='ocrx_word' id='word_1_179' title='bbox 399 3669 583 3746; x_wconf 91' lang='lat' dir='ltr'><strong>heredibus</strong></span> <span class='ocrx_word' id='word_1_180' title='bbox 609 3675 788 3768; x_wconf 89' lang='lat' dir='ltr'><strong>premissis</strong></span> <span class='ocrx_word' id='word_1_181' title='bbox 815 3670 1012 3745; x_wconf 88' lang='lat' dir='ltr'><strong>absolueret</strong></span> <span class='ocrx_word' id='word_1_182' title='bbox 1048 3693 1111 3766; x_wconf 93' lang='lat' dir='ltr'><strong>pro</strong></span> <span class='ocrx_word' id='word_1_183' title='bbox 1140 3669 1279 3766; x_wconf 80' lang='lat' dir='ltr'><strong>quadam</strong></span> <span class='ocrx_word' id='word_1_184' title='bbox 1307 3693 1437 3747; x_wconf 86' lang='lat' dir='ltr'><strong>summu</strong></span> <span class='ocrx_word' id='word_1_185' title='bbox 1461 3675 1606 3769; x_wconf 89' lang='lat' dir='ltr'><strong>peeunie</strong></span> <span class='ocrx_word' id='word_1_186' title='bbox 1632 3693 1709 3746; x_wconf 84' lang='lat' dir='ltr'><strong>oum</strong></span> 
     </span>
     <span class='ocr_line' id='line_1_25' title="bbox 330 3769 1712 3862; baseline 0 -17"><span class='ocrx_word' id='word_1_187' title='bbox 330 3774 407 3846; x_wconf 88' lang='lat' dir='ltr'><strong>aiiis</strong></span> <span class='ocrx_word' id='word_1_188' title='bbox 432 3771 531 3846; x_wconf 89' lang='lat' dir='ltr'><strong>bouis</strong></span> <span class='ocrx_word' id='word_1_189' title='bbox 556 3771 622 3846; x_wconf 91' lang='lat' dir='ltr'><strong>sibi</strong></span> <span class='ocrx_word' id='word_1_190' title='bbox 647 3771 805 3862; x_wconf 74' lang='lat' dir='ltr'><strong>uenditis,</strong></span> <span class='ocrx_word' id='word_1_191' title='bbox 830 3771 993 3846; x_wconf 86' lang='lat' dir='ltr'><strong>videlicet</strong></span> <span class='ocrx_word' id='word_1_192' title='bbox 1018 3770 1148 3846; x_wconf 90' lang='lat' dir='ltr'><strong>duobus</strong></span> <span class='ocrx_word' id='word_1_193' title='bbox 1174 3775 1302 3846; x_wconf 87' lang='lat' dir='ltr'><strong>mansis</strong></span> <span class='ocrx_word' id='word_1_194' title='bbox 1328 3775 1363 3845; x_wconf 91' lang='lat' dir='ltr'><strong>in</strong></span> <span class='ocrx_word' id='word_1_195' title='bbox 1387 3769 1650 3846; x_wconf 88' lang='lat' dir='ltr'><strong>Branberob</strong></span> <span class='ocrx_word' id='word_1_196' title='bbox 1676 3782 1712 3845; x_wconf 85' lang='lat' dir='ltr'><strong>et</strong></span> 
     </span>
     <span class='ocr_line' id='line_1_26' title="bbox 329 3871 1711 3970; baseline 0.001 -26"><span class='ocrx_word' id='word_1_197' title='bbox 329 3895 399 3946; x_wconf 89' lang='lat' dir='ltr'><strong>uno</strong></span> <span class='ocrx_word' id='word_1_198' title='bbox 425 3895 545 3946; x_wconf 89' lang='lat' dir='ltr'><strong>manso</strong></span> <span class='ocrx_word' id='word_1_199' title='bbox 572 3876 606 3944; x_wconf 92' lang='lat' dir='ltr'><strong>in</strong></span> <span class='ocrx_word' id='word_1_200' title='bbox 634 3871 818 3945; x_wconf 88' lang='lat' dir='ltr'><strong>Siibaeh</strong></span> <span class='ocrx_word' id='word_1_201' title='bbox 843 3871 942 3945; x_wconf 88' lang='lat' dir='ltr'><strong>titulo</strong></span> <span class='ocrx_word' id='word_1_202' title='bbox 967 3874 1184 3968; x_wconf 89' lang='lat' dir='ltr'><strong>proprietatis</strong></span> <span class='ocrx_word' id='word_1_203' title='bbox 1209 3871 1404 3948; x_wconf 86' lang='lat' dir='ltr'><strong>tradidimus</strong></span> <span class='ocrx_word' id='word_1_204' title='bbox 1439 3875 1474 3946; x_wconf 91' lang='lat' dir='ltr'><strong>in</strong></span> <span class='ocrx_word' id='word_1_205' title='bbox 1511 3883 1711 3970; x_wconf 88' lang='lat' dir='ltr'><strong>perpetuum</strong></span> 
     </span>
     <span class='ocr_line' id='line_1_27' title="bbox 331 3971 1711 4069; baseline 0 -23"><span class='ocrx_word' id='word_1_206' title='bbox 331 3971 583 4068; x_wconf 90' lang='lat' dir='ltr'><strong>possidendam,</strong></span> <span class='ocrx_word' id='word_1_207' title='bbox 610 3977 845 4069; x_wconf 89' lang='lat' dir='ltr'><strong>promittentes</strong></span> <span class='ocrx_word' id='word_1_208' title='bbox 871 3971 935 4046; x_wconf 93' lang='lat' dir='ltr'><strong>sibi</strong></span> <span class='ocrx_word' id='word_1_209' title='bbox 962 3981 997 4044; x_wconf 92' lang='lat' dir='ltr'><strong>et</strong></span> <span class='ocrx_word' id='word_1_210' title='bbox 1022 3973 1093 4046; x_wconf 88' lang='lat' dir='ltr'><strong>suis</strong></span> <span class='ocrx_word' id='word_1_211' title='bbox 1120 3971 1381 4048; x_wconf 79' lang='lat' dir='ltr'><strong>suecessoribus</strong></span> <span class='ocrx_word' id='word_1_212' title='bbox 1407 3971 1450 4047; x_wconf 91' lang='lat' dir='ltr'><strong>de</strong></span> <span class='ocrx_word' id='word_1_213' title='bbox 1476 3973 1563 4050; x_wconf 87' lang='lat' dir='ltr'><strong>silua</strong></span> <span class='ocrx_word' id='word_1_214' title='bbox 1589 3971 1711 4046; x_wconf 87' lang='lat' dir='ltr'><strong>eadem</strong></span> 
     </span>
    </p>
   </div>
   <div class='ocr_carea' id='block_1_8' title="bbox 333 4063 1709 4175">
    <p class='ocr_par' dir='ltr' id='par_1_8' title="bbox 333 4063 1709 4175">
     <span class='ocr_line' id='line_1_28' title="bbox 333 4063 1709 4175; baseline 0.004 -30"><span class='ocrx_word' id='word_1_215' title='bbox 333 4083 435 4174; x_wconf 83' lang='lat' dir='ltr'><strong>atque</strong></span> <span class='ocrx_word' id='word_1_216' title='bbox 459 4069 558 4146; x_wconf 91' lang='lat' dir='ltr'><strong>bonis</strong></span> <span class='ocrx_word' id='word_1_217' title='bbox 595 4075 772 4175; x_wconf 88' lang='lat' dir='ltr'><strong>premissis</strong></span> <span class='ocrx_word' id='word_1_218' title='bbox 809 4071 852 4150; x_wconf 89' lang='lat' dir='ltr'><strong>de</strong></span> <span class='ocrx_word' id='word_1_219' title='bbox 889 4083 1009 4150; x_wconf 86' lang='lat' dir='ltr'><strong>nostro</strong></span> <span class='ocrx_word' id='word_1_220' title='bbox 1051 4077 1261 4151; x_wconf 83' lang='lat' dir='ltr'><strong>monasterio</strong></span> <span class='ocrx_word' id='word_1_221' title='bbox 1301 4083 1458 4175; x_wconf 84' lang='lat' dir='ltr'><strong>prestare</strong></span> <span class='ocrx_word' id='word_1_222' title='bbox 1499 4063 1709 4152; x_wconf 77' lang='lat' dir='ltr'><strong>uorandiam</strong></span> 
     </span>
    </p>
   </div>
   <div class='ocr_carea' id='block_1_9' title="bbox 0 0 1900 4728">
    <p class='ocr_par' dir='ltr' id='par_1_9' title="bbox 0 0 1900 4728">
     <span class='ocr_line' id='line_1_29' title="bbox 0 0 1900 4728; baseline 0 0"><span class='ocrx_word' id='word_1_223' title='bbox 0 0 1900 4728; x_wconf 95' lang='lat' dir='ltr'><strong> </strong></span> 
     </span>
    </p>
   </div>
  </div>
 </body>
</html>
