3838 4728
633 445 852 538 episcopatus
879 441 1172 536 wirziburgensis.
1522 451 1593 522 547

204 639 433 730 attinentibus,
460 640 532 712 dari
559 645 759 732 consueuit,
786 644 820 712 in
846 652 1062 737 prenotatam
1089 649 1335 716 monasterium
1360 647 1593 722 transtulimus

204 751 238 810 et
263 740 500 812 transferimus
528 763 589 836 per
614 751 796 836 presentes
824 742 928 834 pleno
963 747 1038 813 iure
1073 754 1107 813 ei
1140 743 1251 816 libere
1277 757 1444 840 perpetuo
1471 754 1592 842 possi-

203 839 358 931 dendam
386 863 448 936 pro
476 863 541 938 qua
567 841 723 912 dominus
749 840 983 912 Winricus
1025 841 1128 916 abbas
1166 855 1200 915 et
1234 857 1424 917 conuentus
1450 847 1593 941 predicti

202 945 401 1012 monasterii
428 945 462 1012 in
489 951 680 1013 restaurum
714 943 842 1037 pariter
879 953 913 1012 et
951 965 1211 1038 recompensam
1252 944 1340 1016 dicte
1380 945 1512 1018 decime
1552 947 1593 1019 ad

202 1039 373 1114 vitandum
399 1039 634 1134 fatigationisa
674 1065 756 1135 quas
797 1065 817 1112 a
855 1041 1118 1115 decimatoribus
1159 1048 1319 1118 continue
1359 1045 1592 1142 paciebantur„

203 1144 330 1212 curiam
355 1140 609 1214 Eberhardi
636 1141 715 1212 dicii
740 1142 951 1214 Eisleibe
978 1153 1013 1214 et
1039 1167 1191 1216 mansum
1220 1167 1343 1232 vnum³
1379 1150 1479 1218 situm
1506 1148 1593 1241 apud

203 1241 513 1328 Gockesbeim‚
541 1241 712 1312 soluentia
739 1245 908 1312 annuatim
935 1242 1053 1313 decem
1080 1244 1210 1314 maldra
1239 1245 1399 1338 siliginis,
1431 1246 1531 1318 nobis
1559 1259 1593 1318 et

203 1342 353 1412 ecclesie
381 1351 502 1412 nostre
524 1342 655 1435 prefate
680 1345 714 1410 in
742 1341 1043 1414 Gockesbeim
1072 1365 1147 1414 com
1174 1345 1277 1438 pleno
1319 1348 1394 1416 iure
1422 1357 1454 1416 et
1482 1345 1591 1418 libere

203 1443 422 1534 assignarunt
448 1451 613 1536 perpetuo
640 1441 859 1536 possidenda.
912 1441 949 1513 ln
977 1445 1072 1514 cuius
1100 1447 1151 1515 rei
1178 1448 1409 1516 testimonium
1449 1455 1483 1518 et
1509 1469 1589 1517 me-

201 1545 343 1612 moriam
371 1539 563 1612 euidentem
590 1543 654 1636 ipsi
681 1545 890 1614 monasterio
918 1553 1116 1637 presentem
1136 1545 1282 1615 litteram
1302 1543 1455 1618 dedimus
1473 1569 1589 1618 vene-

201 1639 318 1714 rabilis
345 1643 449 1735 patris
467 1641 593 1712 domini
607 1641 699 1712 Ber.
718 1645 872 1736 episcopi
887 1653 922 1713 et
938 1643 1075 1738 capituli
1092 1643 1359 1739 herbipolensis,
1387 1644 1429 1716 de
1446 1669 1588 1739 quorum

202 1763 375 1812 consensu
401 1741 490 1811 iacta
518 1752 572 1814 est
598 1745 814 1812 commutatio
843 1753 1044 1830 memorata,
1072 1767 1112 1814 sc
1138 1748 1250 1816 nostri
1263 1745 1389 1838 sigillis
1405 1749 1588 1817 munimine

200 1842 406 1913 roboratam.
460 1842 582 1912 Datum
610 1863 698 1912 anno
727 1841 852 1912 domini
880 1841 1296 1938 ticcixxxi1.‚quini0
1325 1844 1399 1916 idus
1426 1845 1556 1916 Marcii.

413 2037 594 2121 Appendent
617 2044 670 2101 tria
694 2041 801 2122 sigilla.

828 2361 957 2433 CDLX.

593 2559 683 2622 Anno
710 2555 810 2638 1282„
839 2555 885 2621 13.
910 2559 1014 2640 llariii,
1038 2559 1200 2642 Horbipoli.

200 2745 405 2820 Bertholdus
430 2745 682 2842 herbipolensis
712 2751 896 2842 episcopus
926 2747 1038 2816 omnia
1064 2743 1154 2818 bona
1181 2747 1398 2842 episcopatus
1430 2749 1464 2818 in
1481 2745 1590 2820 Herl-

200 2845 312 2935 heim,
348 2857 494 2942 excepta
536 2859 655 2936 centa,
697 2857 732 2918 et
765 2845 1097 3017 silvavrrpndlipdrnawe
1137 2849 1347 2918 munasterio
1386 2845 1590 2920 eberacensi

328 3115 561 3180 Bertholdus
585 3116 634 3180 dei
657 3122 759 3200 gracia
783 3117 1004 3196 herbipolensis
1029 3120 1199 3196 episcopus.
1244 3115 1366 3178 'fenore
1389 3122 1490 3198 scripti
1514 3137 1588 3198 pre-

199 3208 295 3266 sentis
316 3203 576 3286 recognoscentes
599 3203 718 3283 publice
741 3201 778 3264 ad
801 3206 940 3264 noticiam
962 3206 1090 3264 transire
1103 3206 1238 3283 cupimus
1253 3206 1475 3280 uniuersorum,
1499 3205 1589 3284 quod,

199 3308 267 3352 oum
288 3296 411 3370 propter
432 3293 621 3352 imminentes
641 3290 727 3352 nobis
752 3295 781 3352 ei
803 3288 935 3350 ecclesie
960 3295 1062 3351 nostre
1084 3286 1214 3352 iamdiu
1245 3288 1312 3350 hinc
1344 3288 1414 3352 inde
1438 3307 1477 3349 ex
1499 3294 1589 3368 inop-

197 3379 307 3456 pinatis
330 3375 450 3438 casibus
473 3379 672 3438 necessitates
698 3392 794 3454 usque
818 3372 893 3436 adeo
916 3377 1023 3456 grauia
1044 3371 1211 3436 debitorum
1234 3391 1328 3434 onera
1340 3378 1590 3452 contraxerimus,

199 3461 281 3541 quod
304 3479 344 3524 ex
362 3465 448 3541 ipsis,
472 3465 498 3522 si
522 3461 614 3522 celeri
638 3460 752 3524 eisdem
776 3457 909 3520 remedio
932 3476 991 3520 non
1015 3465 1217 3536 succurratur,
1242 3456 1368 3539 dampna
1391 3464 1587 3539 irrecupera-

199 3547 269 3610 bilia
299 3552 454 3608 incurrere
493 3563 554 3606 non
592 3545 740 3608 modicum
778 3549 952 3620 timeamus,
991 3545 1127 3606 volentes
1161 3543 1366 3623 indempnitati
1409 3543 1587 3622 huiusmodi,

198 3639 341 3713 quantum
356 3650 527 3713 possumus,
550 3649 717 3711 precaucre
733 3628 1030 3708 considerantesque,
1055 3629 1136 3708 quod
1151 3628 1279 3709 dampna
1292 3629 1426 3709 predicta
1442 3636 1471 3690 et
1487 3628 1587 3693 debita

198 3717 347 3780 debonis
370 3722 481 3782 nostris
504 3716 662 3782 mobilibus
684 3724 735 3778 aui
757 3733 792 3778 sc
816 3714 1003 3778 mouentibus
1028 3719 1105 3778 solui
1128 3719 1346 3796 nonpossint,
1370 3715 1588 3779 ‹leiibcratioue

200 3803 335 3888 diligenti
359 3823 427 3865 cum
448 3803 486 3865 ii.
510 3807 675 3884 preposito,
698 3801 752 3864 Al.
777 3800 892 3862 decano
916 3807 945 3860 ct
969 3802 1097 3880 capitulo
1113 3807 1217 3862 nostro
1233 3799 1396 3880 prebabita,
1422 3804 1517 3860 visum
1535 3799 1588 3861 luit

200 3889 335 3954 omuibus
357 3889 443 3952 nobis
469 3895 498 3950 et
519 3889 646 3970 singulis
671 3885 825 3968 expedire,
848 3893 879 3946 vt
902 3903 954 3967 pcr
976 3887 1188 3948 alienationem
1211 3904 1313 3948 rernm
1335 3885 1514 3950 inmobiiium
1536 3890 1587 3946 in-

202 3975 374 4057 dempnitati
397 3980 516 4052 nostre,
546 3972 584 4034 de
614 3992 673 4053 qua
695 3973 873 4054 predicitur,
905 3972 1096 4047 consulatur;
1128 3972 1368 4052 propterquod,
1401 3967 1588 4033 attendentes

154 4111 161 4130 .
200 4069 358 4146 urgentem
382 4064 443 4122 eris
466 4059 553 4122 aliern
576 4063 788 4120 necessitatem
811 4075 847 4120 ac
870 4057 1001 4120 debiturn
1022 4075 1151 4139 urgens,
1182 4061 1319 4137 inspecta
1347 4063 1435 4119 otiam
1459 4056 1591 4118 euidenti

1181 4141 1256 4213 69*
