3838 4728
327 446 404 536 ‚628
759 539 766 550 ,
913 441 1133 537 unere

330 643 574 718 iudeorum
609 641 920 738 herbipolensium,
954 647 985 716 si
1019 641 1254 734 venerabilem
1287 651 1417 739 petrem
1444 641 1616 718 domim
1642 663 1714 715 no-

330 755 436 819 strum
464 747 662 842 episcopum
690 741 877 842 predictum
903 743 989 823 inire
1023 746 1280 840 prenominatos
1314 743 1434 820 decen
1461 765 1590 834 ornos,
1625 743 1716 840 quot

330 845 438 935 obsit,
473 843 599 917 cedere
634 843 691 916 uel
719 843 888 918 decedere
922 847 1110 938 continget,
1143 842 1254 918 sidero
1289 847 1504 920 vniuoesituti
1529 843 1715 917 iudeorum

331 950 456 1036 omnia,
483 969 557 1116 chuc.
573 953 753 1041 prenotata
779 956 877 1036 sunt,
910 967 997 1041 usqe
1024 945 1065 1016 nd
1091 945 1320 1040 predictorum
1347 965 1514 1018 errmrnm
1539 963 1715 1017 numerum

330 1049 404 1146 peri
431 1070 486 1118 nro
513 1067 533 1117 ο
561 1056 596 1118 et
620 1043 730 1118 forme
756 1041 997 1120 inuiolabiliter
1023 1043 1226 1135 obseruare,
1251 1053 1286 1124 et
1311 1045 1402 1140 qood
1427 1048 1627 1119 successori
1646 1045 1715 1118 do-

330 1151 413 1220 mini
436 1148 545 1220 nostri
579 1147 733 1242 episcopi
758 1145 902 1244 predicti
934 1167 1103 1242 nunquam
1128 1146 1235 1221 vitan
1268 1144 1503 1220 obedienciam
1536 1145 1716 1234 incisuros,

331 1249 397 1321 nisi
424 1245 465 1318 ad
501 1243 750 1340 obseruandum
777 1247 890 1322 omnio
916 1257 950 1320 et
976 1245 1133 1342 singule,
1159 1269 1229 1342 que
1247 1249 1417 1341 premisso
1443 1257 1533 1338 sent,
1559 1249 1713 1343 primitus

331 1369 371 1424 se
397 1349 573 1445 astringat.
625 1341 870 1424 Niebilominus
896 1349 927 1425 si
960 1346 1154 1444 sepedictus
1188 1348 1343 1425 dontinus
1376 1357 1498 1420 noster
1530 1351 1714 1443 episcopos

331 1452 388 1521 dut
413 1471 495 1523 sous
522 1470 707 1522 successor
733 1451 940 1524 contrarium
967 1457 1168 1544 etteroptsre
1191 1451 1371 1538 niteretur,
1396 1469 1463 1522 nos
1479 1457 1606 1520 extunc
1618 1451 1715 1544 ipsos

331 1547 461 1622 iudeos
489 1559 524 1620 et
550 1547 735 1642 quemlibet
758 1553 913 1645 ipsorum
938 1547 1124 1635 defendero
1150 1558 1186 1620 et
1207 1557 1428 1623 menotenerc
1444 1545 1612 1620 bonafide
1627 1569 1716 1645 pro-

332 1651 494 1722 mittimus
527 1671 590 1746 pro
625 1671 732 1744 posse
767 1659 888 1731 nostro
924 1671 992 1720 vno
1025 1672 1103 1724 cure
1135 1648 1265 1730 ciuibus
1298 1645 1619 1746 herbipolensibus,
1653 1651 1717 1744 our

332 1747 432 1824 nobis
460 1747 502 1820 ed
527 1749 594 1821 hoc
618 1745 817 1844 prestebnnt
842 1771 978 1825 omnem
1004 1771 1104 1845 opem
1131 1760 1335 1845 crepereo,
1359 1755 1628 1845 pompossunt,
1651 1769 1717 1821 se-

335 1848 479 1922 cundum
514 1849 604 1946 (prod
636 1847 736 1922 nobis
773 1853 1024 1949 promiserunt,
1057 1849 1098 1922 od
1135 1850 1226 1944 qnod
1257 1852 1360 1926 etiem
1391 1871 1461 1922 non
1495 1851 1581 1944 ipsis
1605 1852 1717 1925 teneri

333 1951 621 2044 recognoscimus
655 1952 850 2042 viceusrso.
919 1948 993 2024 Nos
1030 1954 1226 2045 prepositos
1263 1949 1436 2047 predictos
1475 1953 1718 2022 mentiente

333 2059 498 2148 presente
524 2059 560 2124 st
586 2048 722 2125 iubente
749 2073 788 2122 co
812 2049 897 2127 itrrlo
924 2060 1045 2127 nostro
1081 2050 1123 2134 od
1152 2070 1272 2130 munus
1298 2049 1501 2142 Gonrrndi
1525 2047 1717 2127 Weibe-

334 2151 448 2244 iorij
474 2153 613 2223 nominc
641 2151 764 2224 ciuium
788 2073 1101 2247 berbipolensium,
1127 2171 1262 2232 necnon
1289 2150 1334 2226 usi
1353 2173 1474 2225 munus
1495 2147 1720 2223 ¹itoboiirri

334 2247 463 2323 iudei
487 2255 627 2324 nomine
653 2251 886 2327 vniosrstratis
912 2249 1112 2342 Jupieoroee
1139 2255 1195 2346 qui
1221 2251 1288 2328 bec
1311 2251 1434 2326 eden
1458 2253 1629 2347 prmissa
1654 2271 1721 2322 re-

335 2360 512 2448 ceperunt,
537 2347 773 2448 prorreuiirrus
800 2349 938 2452 copibrii
962 2355 1074 2426 nostri
1099 2354 1189 2431 viee.
1240 2351 1344 2427 Fet-iu
1367 2351 1467 2426 buius
1493 2355 1549 2424 roi
1571 2349 1720 2434 uiden—

336 2453 431 2624 cispio¹
449 2449 599 2546 sigillum
626 2445 763 2551 capituli
787 2453 898 2526 nostri
923 2450 1141 2548 presentibus
1168 2463 1223 2530 est
1248 2473 1447 2549 appensum
1479 2452 1606 2526 noun
1630 2471 1722 2525 nno

338 2559 374 2624 et
422 2551 464 2651 ‘e'
479 2555 680 2662 prenotatis.
1422 2574 1433 2594 ¹

545 2723 613 2785 Duo
636 2710 734 2807 sigilio
756 2721 820 2787 ines
843 2719 1020 2813 appendent

550 2839 580 2914 ¹)
603 2830 734 2900 Choria:
756 2835 1003 2918 „exercederc.“

899 3213 903 3220 ,
929 3121 1123 3217 contull-

701 3305 792 3370 nno
817 3299 927 3386 reon,
959 3301 986 3367 r.
1011 3303 1181 3388 renuant,
1202 3301 1364 3388 nerspon.
1482 3393 1488 3409 ,
1528 3277 1533 3284 ’
1566 3308 1571 3318 ·

340 3489 922 3576 Commendetoretirotresdoms
936 3489 1114 3593 hospitatis
1128 3493 1392 3579 ierosolimitoni
1405 3495 1438 3565 in
1449 3489 1718 3592 Woilecbiogen

337 3595 537 3688 promittunt
561 3594 709 3688 capitulo
735 3592 991 3690 herbipolensis
1014 3591 1189 3666 ecclesiae
1206 3592 1248 3666 ds
1263 3593 1371 3668 tribus
1384 3597 1513 3669 mensis
1530 3605 1564 3668 et
1583 3591 1718 3673 dimidio

338 3697 416 3780 sive
439 3703 573 3791 sepiem
597 3693 709 3768 bouis
735 3697 810 3770 sitis
835 3697 870 3766 in
896 3693 980 3767 vibit
1006 3691 1275 3788 Woilcobirrgen
1301 3693 1446 3789 singolis
1474 3699 1570 3775 annis
1593 3719 1717 3770 census

588 3852 591 3862 .
643 3797 782 3870 nomine
808 3795 951 3878 soipere
977 3801 1048 3868 tres
1073 3791 1179 3870 libres
1204 3791 1418 3890 ballensium'.
1476 3791 1480 3804 '

439 3951 512 4027 Nos
539 4006 574 4024 ..
603 3951 848 4038 conmendetor
874 3961 909 4025 st
934 3951 1059 4026 iratres
1086 3971 1186 4025 sucre
1212 3947 1332 4028 tomus
1347 3947 1527 4046 bospitoiis
1545 3954 1718 4044 perosoii-

340 4055 516 4135 roitoniin
541 4051 898 4164 Woiiecbirrgen
923 4061 1040 4137 notum
1063 4049 1209 4135 iacimus
1234 4053 1408 4132 uniuersis
1434 4061 1469 4126 et
1494 4051 1537 4124 sd
1559 4058 1724 4126 nebeim
