3794 4722
913 459 1131 534 Monumenta

964 781 1081 855 cxlx.

920 979 1008 1042 Anno
1033 977 1123 1045 1172.

338 1167 520 1242 lleinricus
533 1165 623 1240 Bolo
650 1167 786 1238 vineam
811 1165 847 1236 in
871 1177 986 1238 monte
1013 1177 1151 1240 sanctae
1166 1167 1296 1240 Mariae
1322 1163 1364 1236 ab
1378 1164 1516 1258 Agnete
1529 1166 1715 1238 Reinhardi

339 1265 421 1358 infla,
445 1271 480 1340 in
492 1262 859 1363 presentialleinhardi
875 1264 1167 1360 wirzeburgensis
1181 1265 1353 1340 ecclesiae
1368 1265 1471 1338 electi
1485 1277 1715 1362 comparatum

463 1367 566 1439 donat
593 1386 695 1459 super
721 1363 882 1456 reliquias
909 1369 1017 1440 sancti
1043 1366 1181 1463 Kyliani
1206 1364 1367 1440 iratribus
1396 1364 1576 1444 dedomo.

441 1536 478 1609 0.
531 1537 569 1610 ln
593 1539 731 1610 nomine
758 1549 874 1631 sancte
909 1549 943 1612 et
968 1537 1137 1632 indiuidue
1163 1541 1333 1612 trinitatis.
1387 1536 1579 1632 Collegium
1607 1541 1716 1611 sancti

336 1637 474 1734 llyliani
500 1636 542 1707 do
569 1635 681 1708 domo.
732 1637 777 1709 Et
799 1661 889 1710 nunc
915 1641 1007 1711 etin
1035 1661 1135 1711 omne
1161 1649 1292 1734 tempus
1318 1661 1425 1714 nosse
1451 1637 1607 1731 dignetur
1631 1641 1716 1710 uni·

338 1740 487 1811 uersitas
514 1735 661 1808 fidelium
689 1736 779 1830 quod
802 1736 1046 1811 Heinrious
1070 1738 1180 1810 Bolo
1218 1741 1363 1833 quinque
1395 1741 1515 1830 iugera
1539 1740 1715 1808 uinearum

337 1841 373 1908 in
411 1846 527 1909 monte
565 1847 681 1928 sancte
705 1835 811 1928 lllarie
850 1837 892 1910 ab
916 1839 1093 1931 Agnete
1119 1837 1187 1909 lilia
1211 1837 1461 1910 lleinhardi
1496 1836 1654 1931 expedita
1680 1847 1716 1908 et

337 1936 439 2032 plana
464 1938 634 2030 emptione
659 1936 735 2008 XX.
763 1935 889 2010 duobus
916 1939 1040 2010 marcis
1063 1941 1155 2026 emit,
1180 1937 1394 2032 presentibus
1411 1947 1445 2008 et
1463 1939 1715 2010 consentienti·-

337 2034 597 2126 hus0ttone,
622 2031 818 2108 Rtuolfo
846 2046 880 2108 et
903 2032 978 2110 aliis
999 2035 1154 2108 omnihus
1168 2035 1245 2108 liliis
1265 2041 1349 2128 suis,
1366 2047 1400 2108 et
1414 2033 1483 2106 lilia
1497 2059 1557 2110 sue
1571 2036 1715 2126 Ytala,

341 2157 483 2230 quorum
509 2157 700 2208 consensus
726 2137 761 2206 in
786 2135 854 2207 hoc
879 2146 1053 2208 contractu
1078 2139 1297 2211 necessarius
1321 2158 1402 2210 esse
1422 2135 1607 2207 uidebatur.
1633 2136 1714 2207 Do·-

340 2238 452 2308 minus
500 2255 633 2330 quoque
682 2235 966 2328 lleinherdus
1011 2235 1220 2308 venerabilis
1266 2247 1381 2328 sancte
1420 2235 1714 2329 wirseburgensis

342 2333 488 2428 ecclesie
516 2335 648 2410 electus
675 2335 927 2431 cumpluribus
953 2336 1049 2425 aliis,
1082 2345 1149 2408 tam
1184 2336 1320 2410 clericis
1354 2357 1451 2430 pram
1481 2335 1599 2426 laicis,
1637 2333 1716 2409 huic

340 2437 491 2529 negocio
519 2433 674 2529 dignatus
703 2444 756 2510 est
781 2439 963 2508 interesse.
1016 2433 1219 2510 Contractus
1244 2435 1400 2530 proiecto
1436 2438 1523 2525 iste,
1559 2445 1595 2506 ut
1621 2444 1714 2508 tanto

342 2535 497 2608 stabilori
524 2545 559 2606 ct
583 2533 724 2606 firmiori
748 2539 930 2607 munimine
955 2537 1140 2626 niteretur,
1179 2546 1302 2629 quanto
1328 2535 1471 2630 plurium
1497 2537 1715 2606 attestatione

343 2643 378 2708 et
391 2632 649 2708 honorabilium
675 2655 899 2730 personarum
924 2637 1124 2708 auctoritate
1149 2633 1335 2708 fulciretur.
1378 2635 1473 2706 Sicut
1497 2637 1601 2726 igitur
1627 2657 1715 2729 pre-

342 2732 450 2804 dictus
470 2733 710 2805 Heinrious
736 2736 826 2806 iusto
851 2733 948 2804 titulo
975 2744 1010 2804 et
1033 2731 1123 2804 bonu
1147 2732 1212 2804 lule
1246 2737 1381 2806 uinoam
1407 2733 1493 2805 hanc
1524 2737 1715 2828 acquisiuit,

341 2835 388 2903 ita
413 2831 650 2904 nichilominus
676 2843 743 2904 tam
769 2835 824 2928 pia
848 2855 945 2927 quam
971 2831 1079 2904 libera
1095 2832 1278 2905 donatione
1304 2856 1407 2929 super
1427 2833 1589 2927 reliquias
1606 2835 1715 2905 sancti

342 2929 479 3026 llyliani
506 2929 665 3004 iratribus
692 2931 734 3003 de
760 2932 861 3004 domo
886 2955 949 3027 per
974 2954 1108 3004 monum
1133 2933 1329 3006 Arnonis
1355 2936 1499 3028 quippe,
1526 2932 1616 3028 quod
1640 2937 1715 3027 ipse

343 3029 472 3125 prefate
498 3031 696 3124 Agnetis
730 3030 1063 3105 fideicommissarius
1099 3042 1191 3121 erat,
1224 3031 1365 3104 eandem
1398 3035 1532 3103 uincam
1566 3031 1716 3122 donauit,
1805 3035 1812 3049 “

342 3151 544 3225 rursumque
578 3152 653 3200 eam
690 3130 732 3202 de
767 3154 866 3204 manu
898 3133 1050 3204 Persii
1084 3129 1203 3204 decani
1231 3136 1369 3204 nomine
1403 3131 1550 3222 ecclesie
1575 3131 1714 3206 Adel-

342 3226 503 3304 bertus
530 3239 660 3320 custos,
686 3229 913 3305 Clinradus
939 3233 1154 3326 portenarius
1194 3241 1229 3303 et
1255 3227 1488 3304 Orinrodus
1515 3231 1717 3306 cellerarius

341 3339 547 3423 receperunt
572 3351 615 3402 eo
639 3329 800 3404 uidelicet
824 3341 944 3428 pacto,
983 3340 1020 3402 ut
1044 3329 1194 3426 prelatus
1219 3331 1458 3404 Heinrious
1492 3340 1527 3402 et
1552 3330 1715 3425 deinceps

342 3433 475 3524 posteri
510 3433 585 3521 sui,
620 3427 661 3507 ad
695 3451 780 3526 qtros
805 3435 905 3504 uinea
930 3431 989 3502 illa
1022 3429 1174 3524 legitima
1207 3433 1429 3504 successione
1461 3427 1717 3522 deuolueretur‚

344 3538 473 3600 certum
507 3527 585 3602 inde
620 3551 786 3604 cunonem
812 3535 980 3604 annuatim
1006 3530 1162 3620 soluent,
1194 3531 1326 3604 scilicet
1350 3552 1448 3602 unam
1475 3529 1595 3602 libram
1623 3549 1713 3620 cere.

343 3626 390 3700 Vt
415 3639 527 3700 autem
552 3651 610 3702 res
636 3631 701 3704 iste
726 3654 796 3704 non
820 3631 922 3703 modo
947 3633 1168 3726 presentium,
1193 3653 1310 3702 uorum
1336 3633 1437 3702 etiam
1459 3631 1494 3702 in
1513 3632 1639 3702 noticia
1654 3627 1716 3700 lu·

344 3737 496 3802 tororum
521 3727 694 3822 habeatur,
720 3729 918 3826 simpliciter
944 3739 978 3800 et
1002 3729 1091 3800 nude
1116 3732 1168 3802 rei
1192 3731 1319 3803 ueritas
1345 3733 1379 3800 in
1404 3733 1556 3826 presenti
1588 3729 1718 3802 cartula

346 3831 547 3904 continetur.
598 3829 704 3904 Huius
730 3833 783 3902 rei
803 3839 910 3904 testes
929 3838 1027 3902 sunt:
1054 3827 1231 3902 Richollus
1251 3831 1457 3926 prepositus,
1482 3830 1621 3902 Persius
1648 3827 1716 3900 de-

346 3949 463 4017 canus,
487 3925 691 4001 Berthcldus
717 3931 920 4024 prepositus,
947 3927 1163 4002 Gothefridus
1190 3939 1320 4018 cantor,
1351 3927 1559 4000 Adelbertus
1586 3937 1717 4020 eustos,

344 4025 524 4102 Heinrious
539 4025 747 4120 Uochardus,
774 4025 963 4121 Sigelridus
990 4025 1032 4098 de
1046 4025 1211 4118 llulbnrc,
1236 4026 1451 4102 Eberhardus
1477 4027 1519 4100 (lc
1531 4027 1716 4120 Marmore,
