3774 4728
604 453 821 551 episcopatus
849 450 1142 552 wirciburgensis.

766 791 969 870 mcxliii.

633 993 722 1060 Anno
746 989 850 1074 ludu,
873 989 902 1059 e.
926 993 1090 1060 Februull.
1169 921 1170 926 ἵ

175 1175 363 1274 Capitulum
391 1179 565 1254 ecclesiae
589 1178 842 1280 herbipolensis
878 1182 919 1256 od
956 1181 1097 1258 dissidio
1134 1180 1287 1256 tollenda
1323 1186 1357 1257 in
1384 1181 1557 1256 dominnm

171 1277 320 1410 hippona
353 1283 575 1378 episeopunr‚
608 1281 1002 1482 Arnolduupmdppnurppnr
1038 1282 1195 1379 aliosque
1229 1285 1418 1358 canonicos
1453 1301 1556 1358 eom·

272 1551 453 1632 Uniuereis
498 1565 681 1651 presentes
719 1555 838 1630 literas
890 1557 1096 1652 inspecturis
1148 1555 1207 1630 Bc
1216 1579 1297 1653 ppo
1348 1557 1557 1654 prepositus,

171 1652 404 1728 Arnoldus
446 1653 623 1746 decenus,
665 1666 838 1752 totumque
882 1655 1064 1754 capitulum
1103 1655 1257 1730 ecclesie
1303 1654 1557 1754 herbipolensis

171 1752 316 1830 salutem
343 1757 378 1828 in
404 1778 461 1848 eo,
489 1759 544 1852 qui
571 1767 625 1832 est
640 1760 789 1832 omniurn
816 1755 1014 1847 ucrnsolus.
1042 1755 1186 1832 Neucrit
1211 1759 1575 1848 uniuersitosuestra‘

172 1852 262 1950 quod
289 1877 365 1928 cum
392 1857 473 1931 olim
501 1855 543 1930 ad
569 1857 750 1956 capitulum
776 1870 930 1932 nostrum
953 1858 1071 1954 plures
1099 1857 1224 1932 fraires
1251 1857 1339 1932 ultra
1355 1867 1558 1932 consuetum

172 1964 207 2027 et
233 1958 404 2052 antiquum
431 1980 607 2032 numerum
632 1957 778 2032 fuissent
804 1963 967 2070 assumpti
1007 1969 1042 2032 et
1074 1961 1108 2032 in
1147 1969 1278 2054 partem
1315 1956 1554 2034 sollicitudinis

172 2055 325 2131 ecclesie
351 2068 470 2132 nostre
498 2061 610 2134 uoooti
638 2081 684 2133 ex
711 2083 779 2150 co,
816 2059 906 2156 quod
942 2059 1094 2132 eeclesia
1128 2069 1245 2132 nostra
1281 2069 1315 2132 et
1348 2063 1422 2132 iura
1448 2061 1555 2156 ipsius

173 2155 338 2231 deberent
363 2159 486 2234 melius
514 2170 549 2232 ct
574 2160 763 2234 consultius
791 2159 999 2254 gubernari,
1037 2183 1105 2236 non
1132 2159 1221 2254 qued
1247 2181 1308 2255 per
1335 2159 1452 2255 plures
1477 2157 1555 2232 dis·-

173 2268 314 2354 pensata
341 2258 585 2334 decrescerent
611 2271 646 2334 ct
670 2262 900 2350 dioecesani,
933 2263 1071 2333 inimico
1104 2270 1217 2334 tamen
1255 2259 1388 2332 iunoni
1415 2261 1556 2356 generis

175 2359 427 2434 omnebonum
453 2361 682 2457 miultiplioitcr
708 2361 912 2456 impediente
950 2371 984 2434 et
1018 2363 1107 2434 inter
1131 2359 1256 2434 fratres
1285 2359 1421 2456 capituli
1448 2359 1561 2432 taliter

175 2461 533 2552 contremescens,
560 2463 679 2534 utuix
706 2464 910 2550 internos,
946 2470 1013 2532 turn
1049 2469 1190 2556 propter
1218 2459 1472 2540 ‚multitudinem
1498 2461 1557 2532 in·

175 2570 331 2652 eurotam,
372 2572 439 2634 tuni
479 2565 580 2634 etiarn
618 2571 758 2658 propter
791 2559 980 2634 naturalem
1012 2559 1185 2634 hominum
1223 2559 1264 2632 ad
1291 2558 1558 2636 dissentiendum

174 2659 373 2736 facilitatem
413 2666 446 2736 in
472 2662 587 2762 aliquo
629 2672 772 2736 tractatu
810 2661 961 2736 ecclesie
998 2670 1120 2758 posset
1157 2660 1343 2738 concordia
1379 2662 1560 2758 repperiri,

174 2784 240 2834 nec
276 2765 396 2835 mirum
438 2787 513 2836 curn
554 2763 787 2838 diuersitatenr
825 2784 1008 2858 corporum
1049 2784 1134 2858 sepe
1175 2773 1337 2858 sequatur
1378 2760 1559 2835 diuersitas

90 2923 103 2942 ι
176 2864 386 2956 animorum,
424 2874 458 2936 et
493 2867 544 2938 sic
581 2867 739 2960 quotiens
767 2862 894 2958 singuli
933 2863 1074 2936 fratrum
1101 2885 1205 2960 super
1231 2866 1381 2958 negotiis
1408 2861 1560 2938 ecclesie

175 2963 474 3060 interrogabantur
500 2964 533 3038 in
562 2963 709 3062 capitulo
736 2963 942 3060 diligenter,
975 2973 1026 3036 tot
1059 2963 1135 3036 iere
1169 2961 1428 3038 inueniebantur
1455 2964 1559 3060 oppi-

175 3065 314 3140 nicnum
340 3063 571 3156 diuersitates‚
597 3076 679 3161 quot
703 3065 829 3140 iratres
855 3063 1120 3138 numerabantur
1146 3067 1179 3136 in
1207 3087 1264 3156 eo,
1289 3075 1325 3138 et
1349 3063 1442 3138 uelle
1463 3085 1561 3140 suurn

177 3167 298 3262 cuique
325 3177 398 3240 erat
423 3187 489 3240 nec
523 3187 590 3240 unc
626 3177 707 3242 uoto
734 3177 770 3240 ot
795 3169 973 3264 proposito
999 3163 1215 3256 nitebantur,
1255 3175 1289 3238 et
1314 3161 1393 3238 ideo
1420 3187 1441 3237 o
1466 3186 1560 3238 non·

113 3309 122 3330 ·
175 3265 279 3342 nullis
307 3269 490 3364 iniquitatis
518 3267 597 3340 liliis
636 3277 670 3340 et
709 3271 858 3340 maxime
884 3291 904 3337 a
931 3269 1060 3340 nostris
1094 3263 1225 3340 ciuibus
1262 3262 1559 3362 herbipolensibus

175 3367 353 3444 libertates
380 3377 415 3442 et
440 3371 514 3440 iure
541 3367 691 3442 ecclesie
717 3379 838 3444 nostre
863 3369 898 3441 iu
923 3365 1021 3440 breui
1036 3377 1192 3464 tempore
1208 3375 1287 3440 sunt
1309 3363 1561 3440 nonmcdioum

177 3467 349 3546 subtracta
383 3479 419 3542 et
455 3492 517 3566 per
544 3491 662 3546 eorum
689 3469 888 3543 uiolentiam
915 3467 1085 3540 diminuto.
1138 3466 1307 3542 Veientes
1345 3469 1449 3560 igitur
1485 3463 1561 3538 huic

176 3570 298 3645 morbo
326 3579 483 3666 quonium
509 3592 693 3667 possumus
721 3570 829 3644 celeri
856 3572 975 3641 ociore
1001 3567 1148 3658 medela,
1174 3590 1219 3640 ne
1245 3589 1291 3642 ex
1317 3576 1436 3640 nostra
1464 3563 1561 3662 culpe

177 3671 235 3744 ucl
259 3665 473 3766 negligentia
500 3681 556 3744 aut
581 3669 723 3759 desidia,
750 3669 839 3765 quod
865 3667 972 3760 obsit,
1004 3691 1092 3765 pene
1120 3671 1236 3764 grauis
1257 3689 1323 3742 noe
1349 3667 1450 3740 leniet
1475 3665 1562 3762 opud

178 3770 298 3862 deum,
334 3769 503 3844 mediante
528 3769 719 3844 venerabili
753 3781 849 3868 petre
883 3780 1003 3843 nostro
1043 3769 1179 3844 domino
1205 3766 1362 3861 iringo
1397 3769 1560 3864 episcopo

177 3871 411 3970 herbipolensi
437 3875 639 3946 unanimiter
665 3883 700 3944 et
726 3869 943 3946 concorditer
978 3875 1012 3944 in
1045 3870 1188 3943 loretum
1221 3867 1444 3966 subscriptam
1471 3890 1561 3940 oon-

177 3977 353 4068 uenimus,
390 3997 488 4070 quern
521 3971 588 4046 lide
622 3971 698 4046 dato
731 3975 766 4046 iu
799 3994 898 4046 manu
937 3971 1080 4070 predicti
1118 3970 1245 4046 domini
1269 3972 1381 4046 nostri
1408 3971 1561 4066 episcopi

178 4075 334 4182 plenario
361 4077 469 4150 sancti
495 4071 631 4172 hulieni
656 4075 791 4172 patroni
826 4077 937 4157 nostri
964 4071 1346 4186 corporehterprestito
1372 4072 1561 4154 iuramento
