3838 4728
621 419 842 516 episcopatus
866 419 1160 518 ansburgensis.
1511 425 1589 503 523

203 625 348 701 presens
372 615 537 711 seriptum
564 617 628 713 ipsi
646 615 779 692 damno
795 619 867 696 (lari
884 621 1129 712 minuimus,
1151 629 1264 700 nostri
1282 627 1387 723 sigilli
1402 617 1589 702 munimine

203 713 453 786 eunomium.
503 717 626 792 Datum
653 717 850 816 Herbipoli‚
887 743 978 796 anno
1004 723 1131 798 bonini
1156 725 1440 819 m-ccixxri„
1475 727 1587 804 xilla

201 803 366 882 kalendas
394 813 567 906 Octobris,
592 817 805 914 pontilieatus
832 827 942 896 rostri
968 847 1061 900 enno
1085 836 1197 900 sarto.
1543 869 1549 880 ·
1584 836 1589 847 '

410 1012 547 1100 Sigillum
570 1019 728 1104 appendet.

806 1366 985 1444 curtilli.
1137 1431 1143 1444 .

660 1567 748 1631 Anno
774 1563 877 1648 iseo,
903 1567 951 1636 14.
975 1569 1124 1637 Octobris.

200 1737 383 1818 Bertolrlns
431 1750 638 1848 episeopus,
680 1753 885 1850 blangoldus
926 1757 1142 1852 praepositus
1181 1766 1356 1852 totumque
1397 1755 1578 1850 capitulum

203 1842 386 1918 eeclesiae·
401 1847 654 1946 herbipolensis
680 1866 795 1928 notum
823 1857 963 1944 iaciunt,
988 1855 1286 1952 quodFridarieus
1313 1853 1581 1952 ‹lellohenhurg

104 1953 112 1980 '
200 1951 415 2036 pomerarios
452 1952 626 2027 eeclesiae
661 1953 938 2052 herbipolensis,
975 1967 1139 2054 patronus
1178 1955 1333 2056 capellae
1367 1953 1404 2026 S.
1433 1953 1580 2046 Nicolai

201 2039 288 2114 hane
313 2048 480 2143 capellam
507 2059 691 2128 conventui
717 2055 844 2130 ordinis
872 2055 909 2130 S.
937 2055 1066 2130 hieriae
1103 2055 1146 2129 ala
1172 2067 1288 2130 monte
1314 2055 1474 2128 hamele
1502 2065 1579 2128 tra-

200 2140 293 2230 didit,
320 2149 365 2218 ita
391 2157 502 2223 tamen
529 2153 619 2248 quod
636 2154 702 2228 duo
720 2160 840 2250 ingara
855 2158 1045 2245 vinearum,
1071 2179 1158 2254 quae
1184 2157 1295 2230 diotae
1321 2153 1476 2251 capellae
1492 2159 1577 2230 atli-

229 2243 367 2337 nebant,
395 2251 436 2321 ab
463 2253 613 2328 ecelesia
639 2255 872 2353 herbipolensi
898 2259 1036 2329 nomine
1063 2256 1244 2330 oblationis
1271 2254 1398 2327 babere
1424 2253 1537 2332 (lebet.

297 2417 323 2488 l.
351 2441 384 2491 n.
412 2420 443 2492 d.
472 2447 502 2496 a.
554 2423 627 2500 Nos
659 2425 904 2500 Bertoldns
940 2426 996 2500 dei
1032 2430 1143 2522 grstia
1181 2429 1388 2522 episeopus,
1430 2425 1578 2500 Mana-

199 2515 362 2608 goldus
388 2525 584 2619 prepositus
610 2535 785 2621 mumque
810 2526 991 2624 capitulum
1017 2527 1170 2603 eeclesia
1192 2525 1447 2623 herbipolensis
1461 2535 1578 2599 notura

198 2614 340 2692 fralmus
374 2632 557 2716 presentes
596 2626 728 2700 litteras
767 2629 995 2724 inspecturis,
1034 2637 1069 2700 et
1107 2626 1149 2699 ar
1185 2627 1385 2700 memoriam
1422 2623 1578 2700 dumus

197 2714 398 2811 fatuorum,
424 2723 527 2818 qnod,
551 2747 628 2798 oum
654 2725 1091 2802 dominusFriderieus
1119 2725 1161 2799 lle
1187 2723 1462 2820 llobenburg
1486 2744 1576 2821 por-

111 2893 117 2908 ,
199 2819 349 2896 lanarius
365 2823 528 2902 ,senasio
563 2837 708 2919 nosne,
743 2839 908 2924 patronus
943 2827 1077 2926 capelle
1113 2831 1223 2900 sanoti
1257 2825 1392 2900 Nionlai
1430 2829 1579 2900 oinilatis

198 2927 341 3008 nostra,
372 2925 407 2998 in
442 2935 558 2998 nostra
595 2931 786 3026 presencia.
802 2932 1005 3004 ennelitnhra
1042 2927 1178 3002 videret
1210 2927 1374 3026 maison
1410 2925 1577 3024 aspellam

197 3016 415 3096 irrolboiatam
438 3037 580 3122 propter
605 3029 773 3102 dolentum
793 3029 996 3122 reddituum,
1021 3028 1270 3103 obuenoinnurn
1296 3038 1333 3102 et
1350 3027 1578 3121 oblacionari,

199 3138 264 3210 que
291 3118 488 3216 frequenter
512 3125 555 3200 ad
579 3129 745 3225 prolatam
771 3131 938 3228 eapellarn
974 3140 1010 3202 et
1045 3129 1087 3201 ad
1120 3127 1336 3204 sanardolam
1370 3125 1578 3202 offinianten

197 3217 342 3294 mulleos
367 3231 549 3318 peruenire
577 3242 854 3322 emesenorum,
887 3253 952 3328 qne
986 3250 1077 3304 nuno
1114 3241 1278 3322 cessant,
1313 3229 1439 3304 volens
1464 3229 1579 3302 anime

202 3339 265 3390 sna
292 3321 394 3396 saluti
419 3327 603 3421 prouidere
630 3341 665 3404 at
678 3343 855 3430 parentum
873 3352 1025 3420 suornm,
1043 3329 1259 3426 proonranrlo
1272 3329 1592 3426 diotsmespsllam·

196 3418 454 3516 inperpetuum
482 3427 596 3502 diuino
633 3429 737 3504 cultui
769 3433 973 3528 mancipari,
1008 3441 1043 3504 et
1079 3429 1203 3504 ibidem
1222 3429 1388 3504 orimum
1427 3426 1592 3507 offioinn

197 3515 379 3611 celebrari,
405 3525 447 3598 ed
473 3527 640 3604 honorem
667 3531 723 3604 dei
748 3542 783 3606 et
806 3531 897 3606 baali
924 3530 1070 3623 Nicolai‚
1095 3533 1131 3604 io
1157 3533 1417 3604 eulnsnomiae
1441 3529 1577 3626 capella

195 3617 345 3710 prediola
370 3623 507 3700 lundata
532 3641 646 3704 estet
671 3631 844 3724 (labianta,
881 3634 988 3728 priori
1022 3642 1057 3705 et
1079 3630 1239 3704 iratribus
1265 3631 1393 3705 ordinis
1420 3638 1593 3705 saneta·

196 3716 337 3793 lllarie
365 3722 418 3797 de
445 3741 591 3802 monte
620 3731 840 3823 carmelo,
865 3735 920 3828 qni
947 3735 1142 3828 contiguam
1167 3730 1412 3806 habitationem
1439 3728 1576 3822 habent,
1691 3777 1695 3788 ·

196 3827 230 3888 el
255 3841 319 3916 per
344 3845 430 3917 quos
457 3827 499 3900 (le
525 3830 615 3902 sacili
655 3833 788 3928 capella
814 3832 965 3930 prediola
997 3835 1033 3906 in
1059 3841 1235 3930 posterum
1269 3833 1394 3930 poterit
1420 3825 1576 3923 officiari,

190 3917 248 4008 jus
276 3932 474 4016 patronatus
501 3933 607 4026 ipsius
636 3932 770 4027 ospelle
810 3943 846 4008 et
877 3935 985 4029 ipsam
1020 3932 1186 4030 capellam
1214 3933 1328 4023 dedit,
1367 3931 1506 4005 donauit
1541 3941 1577 4004 et

196 4026 371 4096 concessit
397 4049 472 4100 oum
499 4053 605 4109 censu
634 4035 780 4128 quinque
806 4032 994 4112 solidorum
1029 4033 1246 4206 denariossrpm
1272 4031 1575 4130 herbipolensium,
