3774 4728
578 455 794 556 episcopatus
829 456 1121 552 wirciburgensis.
1475 463 1544 532 177

171 661 367 736 indomino
400 659 571 754 diligimus
605 661 745 732 caritate
780 661 923 733 nuncios
950 669 1107 747 uestros,
1134 645 1222 732 sicbt
1256 661 1408 754 ipsorum
1433 659 1546 732 decuit

173 763 398 851 honestatem,
423 762 605 834 cumomni
629 757 839 852 benignitate
866 769 966 852 atque
991 757 1159 832 hilaritate
1179 761 1385 853 recepimus,
1410 769 1445 830 ct
1470 765 1546 854 quia

172 866 268 936 iustis
302 864 486 957 petentium
524 857 702 932 desideriis
723 854 879 932 uacuam
912 867 947 930 et
983 856 1166 952 benignum
1197 857 1345 954 prebere
1384 857 1546 933 debemus

171 983 372 1048 assensum,
404 961 609 1034 electionem
635 969 785 1032 uestram
798 979 909 1052 ιιιιιιιιι,
934 957 1066 1032 lecistis
1090 963 1125 1030 in
1149 957 1382 1030 uenerabilem
1406 958 1546 1031 iratretn

171 1074 323 1136 nostrum
351 1059 520 1134 domiuum
545 1057 584 1130 0.
611 1058 757 1132 electum
783 1067 954 1147 uestram,
987 1068 1068 1132 tunc
1095 1059 1245 1132 ecclesie
1271 1067 1389 1131 uestra
1413 1081 1546 1155 prepo-

172 1166 283 1250 situm,
311 1183 386 1234 cum
411 1183 488 1236 ‚eam
510 1159 612 1232 nobis
638 1179 685 1232 ex
710 1160 905 1230 testimonio
931 1157 1119 1230 litterarum
1155 1169 1191 1230 et
1215 1161 1294 1230 uiae
1325 1160 1428 1233 nocis
1454 1181 1545 1232 eon-

172 1265 319 1336 stitaerit
344 1283 426 1334 ease
451 1261 649 1332 canonicam
683 1268 717 1329 at
742 1256 968 1347 concordam,
1006 1267 1112 1330 ratam
1150 1256 1315 1332 babentes
1349 1267 1384 1332 at
1416 1269 1546 1352 gratam

172 1385 270 1456 qaam
297 1361 487 1457 plurimum,
513 1361 712 1430 auctoritate
725 1367 843 1432 nostra
868 1379 968 1452 quam
994 1355 1172 1430 admodum
1207 1356 1351 1430 anobis
1376 1356 1547 1430 humiliter

172 1461 372 1558 postulatis,
397 1458 551 1532 duximus
578 1456 860 1546 confirmandam,
893 1459 999 1552 ipsius
1036 1457 1139 1531 electi
1173 1457 1316 1554 speciali
1350 1455 1546 1548 ddectione,

172 1585 233 1656 qua
262 1582 338 1633 eum
364 1559 616 1654 amplectimur,
649 1579 714 1630 nos
749 1556 791 1630 ud
825 1555 892 1630 hoc
915 1555 1048 1631 lucilius
1075 1561 1250 1650 innitente,
1275 1575 1352 1628 cam
1377 1559 1478 1630 stiam
1503 1557 1546 1630 ob

173 1667 277 1758 ipsius
304 1682 453 1756 persone
480 1661 600 1730 merita
626 1668 660 1730 ct
684 1657 907 1753 prudentiam,
932 1655 1055 1730 lactum
1081 1669 1232 1731 uestram
1252 1655 1435 1731 habeamus
1460 1677 1547 1754 pro-

173 1765 313 1856 pensius
347 1763 381 1832 in
415 1759 550 1832 domino
585 1757 864 1830 commendatum.
932 1757 1005 1844 Quo
1051 1759 1142 1829 circa
1176 1759 1388 1830 uniuersitati
1429 1770 1545 1830 uestra

174 1861 381 1948 mandamus,
407 1857 880 1953 quatinuseidemelectotam
895 1865 1082 1952 promptam
1092 1855 1545 1952 quamdebitamexhibeatis
1634 1895 1639 1905 ·

174 1973 339 2056 tamquam
364 1961 451 2054 patri
477 1968 510 2029 et
536 1957 673 2030 domino
700 1979 775 2028 curn
801 1955 984 2028 deuotione
1010 1956 1235 2030 obedientiam
1261 1968 1296 2030 et
1306 1961 1546 2048 reuerentiam,

174 2071 209 2132 at
235 2059 378 2150 debitis,
417 2061 464 2130 ita
489 2057 578 2152 quod
617 2061 692 2153 ipse
716 2059 810 2127 iuxta
836 2055 1051 2130 discretionis
1078 2077 1271 2130 mensuram
1297 2053 1362 2129 sibi
1387 2056 1547 2130 collatam

175 2183 193 2232 a
219 2159 355 2233 domino
380 2159 551 2232 uniuersis
579 2180 619 2242 uc
645 2157 789 2250 singulis
814 2155 998 2252 prudenter
1031 2165 1066 2228 et
1090 2155 1236 2230 fideliter
1260 2177 1407 2254 preesse
1433 2157 1546 2228 ualeat

175 2263 301 2355 pariter
328 2269 363 2332 et
387 2255 569 2354 prodesse.

381 2457 477 2541 sigilli
499 2475 539 2518 cx
560 2455 730 2518 membrana
751 2452 907 2535 pendentis
928 2455 1089 2535 particula,
1121 2435 1236 2538 partem
1264 2455 1437 2518 interiorem
1460 2461 1546 2538 cpis-

380 2545 447 2623 copi
469 2541 602 2604 sedentis
624 2546 801 2617 monstrans,
824 2547 970 2622 superest.

773 2991 950 3066 anxior.

641 3137 834 3256 auterannus
859 3187 1078 3256 taor-1223.

175 3377 250 3451 Otto
278 3319 570 3472 wirceburgebsis
606 3383 787 3475 episcopas
814 3376 933 3450 Vlrioo
966 3379 1132 3470 magistro
1166 3337 1281 3472 operis
1320 3401 1361 3448 ac
1395 3378 1547 3451 eiusdem

173 3476 432 3552 successoribus
459 3477 649 3551 libertatem
676 3477 717 3550 ab
745 3481 837 3550 omni
863 3479 1045 3548 exactione
1079 3495 1142 3550 sea
1174 3479 1328 3572 precaria
1361 3474 1546 3549 confirmat.

270 3649 309 3721 ln
331 3651 471 3723 nomina
499 3659 616 3722 sancte
643 3659 677 3722 et
703 3647 875 3722 indiuidua
902 3648 1070 3720 trinitatis.
1123 3643 1162 3718 0.
1199 3644 1254 3718 del
1280 3649 1390 3739 gratia
1415 3650 1548 3720 wirce-

173 3749 355 3844 burgensis
381 3752 564 3844 episcopus
589 3751 762 3822 uniuersis
789 3747 831 3820 ad
857 3769 943 3842 quos
976 3765 1121 3842 presens
1148 3749 1314 3841 scriptura
1340 3751 1548 3841 peruenerit,

175 3847 316 3922 salutem
343 3852 378 3920 in
403 3871 488 3922 uero
515 3849 679 3926 salutari„
718 3847 900 3923 Gestorum
932 3849 1058 3922 seriem
1089 3845 1230 3941 prouida
1263 3855 1418 3920 ueterum
1453 3850 1548 3941 uigi-

174 3946 276 4023 lantia
302 3947 344 4020 ad
368 3946 435 4020 hoc
459 3948 583 4024 litteris
609 3949 769 4022 mandare
794 3949 992 4035 consueuit,
1017 3956 1054 4018 ut
1080 3944 1169 4040 prod
1193 3945 1337 4020 humana
1362 3968 1430 4020 non
1457 3947 1550 4020 nola

175 4051 339 4122 memoria
362 4051 535 4140 retinere,
573 4048 740 4124 mediante
775 4051 941 4144 scriptura
978 4045 1165 4120 futurorum
1191 4049 1319 4120 noticia
1345 4045 1546 4125 declaretur.

201 4191 250 4230 Ιιιι.
264 4191 316 4232 autc.
331 4191 374 4231 val,
388 4190 473 4232 tulli.
488 4201 533 4232 aar.
548 4192 594 4234 ccli.
609 4192 631 4233 1.
1171 4145 1218 4217 23
