3774 4728
350 447 423 523 378
933 448 1151 526 Monumeuta

353 653 531 748 inceperit,
557 649 785 726 conferamus.
838 651 911 728 Nos
936 655 1050 750 itaque
1076 673 1195 726 eorum
1221 647 1457 726 beniuolentia
1483 659 1516 726 ot
1540 646 1740 726 liberalitati

352 749 513 824 nolentes
540 763 637 846 grata
663 753 898 828 uicissitudine
923 749 1137 852 respondere
1163 752 1205 825 de
1232 760 1350 826 nostra
1367 755 1476 848 gratia
1493 751 1635 850 speciali
1652 749 1739 828 duas

353 851 522 926 ecclesias
548 851 736 929 Widern
762 854 923 928 uidelicet
961 865 996 928 et
1021 845 1352 930 maereant-ten
1390 851 1543 950 predicte
1582 853 1739 928 ecclesie

351 951 394 1026 do
432 951 673 1028 Mosebaeb
710 953 828 1031 damus
868 953 910 1028 de
948 959 1058 1032 nostri
1098 953 1232 1052 capituli
1275 952 1498 1028 concinentia
1528 962 1564 1025 et
1601 951 1740 1044 fauore,

351 1075 491 1150 quarum
518 1077 619 1128 vnanr
644 1052 833 1130 Wideru
868 1053 1027 1130 uidelicet
1061 1056 1214 1152 dignitati
1249 1053 1401 1131 eiusdem
1425 1057 1642 1153 prepositure
1669 1051 1740 1130 ad-

351 1157 533 1244 nectimus,
559 1155 659 1228 aliam
687 1155 848 1230 videlicet
875 1151 1202 1234 blectenmilen
1229 1158 1471 1231 canonicorum
1487 1153 1604 1229 usibus
1622 1153 1737 1256 depu-

352 1265 461 1330 tamus
489 1253 531 1330 ad
557 1279 692 1330 suarum
720 1256 902 1333 subsidium
924 1257 1183 1356 prebendarum
1209 1255 1455 1356 boeapposilo,
1482 1253 1572 1356 quod
1587 1255 1740 1332 decanus

356 1367 392 1430 et
418 1357 599 1453 capitulum
625 1356 972 1432 mosebaccnsis
1000 1359 1151 1433 ecclesie
1179 1359 1211 1430 in
1226 1357 1377 1432 ecclesia
1401 1351 1739 1432 blectenmirlen

354 1461 541 1531 constituto
568 1470 733 1554 perpetuo
760 1461 914 1552 vicario,
949 1464 1003 1532 coi
1029 1464 1062 1538 in
1090 1463 1296 1557 competenti
1320 1458 1495 1558 prebenda
1520 1457 1738 1555 prouideant,

352 1569 388 1632 ut
409 1561 477 1652 jori
504 1569 625 1632 nostro
653 1571 688 1633 et
715 1583 958 1635 successorum
983 1573 1179 1636 nostrorum
1206 1583 1272 1634 nec
1297 1583 1365 1639 non
1391 1557 1652 1657 archydiacono,
1680 1562 1738 1656 qni

351 1678 415 1756 pro
442 1668 596 1755 tempore
621 1660 735 1750 inerit,
762 1660 974 1758 respondere
1000 1663 1128 1753 valeat,
1153 1663 1338 1758 procurent
1366 1659 1527 1754 sollicite,
1554 1659 1644 1758 quod
1664 1659 1737 1734 ibi-

352 1759 430 1832 dem
465 1759 575 1832 diuina
615 1783 684 1834 non
721 1761 959 1835 subtrahantur
997 1763 1162 1858 obsequia
1204 1774 1238 1836 et
1277 1765 1310 1834 in
1349 1785 1390 1835 ea
1429 1785 1510 1834 cura
1551 1765 1737 1835 animarum

351 1859 546 1934 nullatenus
581 1861 787 1956 negligatur.
841 1863 1025 1937 Statuimas
1064 1867 1195 1954 eciam,
1234 1875 1271 1936 ut
1306 1886 1373 1936 uec
1409 1885 1475 1938 nos
1511 1885 1578 1936 nec
1615 1863 1737 1958 aliquis

353 1969 550 2034 nostrornm
577 1983 819 2036 successorum
857 1974 913 2035 aut
938 1967 1188 2060 prepositorum
1226 1962 1356 2037 reditus
1394 1964 1547 2038 ecclesie
1583 1963 1737 2059 predicte

352 2070 409 2132 ant
434 2061 688 2156 parrochiarum
714 2062 1318 2158 predictarum-videlicetWidarn
1345 2075 1380 2136 et
1404 2061 1734 2138 blectenmilen

353 2163 465 2255 possit
489 2161 652 2250 uendere,
678 2163 866 2250 infeodare,
894 2163 1050 2258 obligare
1077 2175 1133 2236 ant
1146 2187 1359 2261 quocumque
1385 2165 1454 2237 alio
1469 2164 1579 2262 tytulo
1597 2164 1733 2236 aliena-

350 2264 454 2335 tionis
481 2260 682 2352 distrahere,
708 2267 816 2336 mam
843 2261 874 2337 si
901 2265 1113 2361 maior'pars
1140 2265 1276 2362 capituli
1303 2264 1525 2338 ednsentiret.
1574 2265 1672 2353 Qtrod
1705 2269 1733 2337 ai

352 2385 454 2434 secus
480 2363 603 2435 iactum
630 2363 753 2455 lueritp
779 2365 907 2437 nullum
934 2365 1040 2438 robur
1066 2370 1217 2462 optineat
1243 2365 1418 2437 firmitatis.
1470 2365 1506 2437 ln
1534 2369 1629 2438 cuins
1655 2365 1734 2438 iacti

350 2467 562 2554 memoriam
587 2474 623 2536 ut
643 2467 731 2556 juris
759 2469 895 2553 cessio,
925 2486 995 2560 qua
1027 2467 1116 2539 iacta
1134 2477 1197 2540 'est
1221 2487 1285 2562 por
1309 2465 1483 2562 predictos
1510 2466 1672 2540 decanum
1701 2473 1735 2538 et

350 2563 545 2660 capitulum,
571 2587 612 2635 ac
636 2575 756 2638 nostra
782 2565 920 2638 donatio
934 2567 977 2638 de
1003 2567 1163 2640 eeclesiis
1178 2569 1374 2640 memoretis
1393 2567 1549 2639 omnibns
1564 2565 1733 2664 potatam«

349 2680 497 2760 presens
532 2667 692 2761 scriptum
726 2687 831 2763 super
868 2687 912 2739 eo
945 2665 1020 2738 fieri
1054 2670 1215 2742 iussimus
1248 2667 1374 2762 sigillis
1412 2679 1559 2760 nostro,
1598 2668 1732 2764 capituli

350 2767 462 2838 nostri
489 2763 756 2862 herbipolensis,
782 2766 935 2840 ecclesie
962 2767 1221 2842 mosebacensis
1248 2780 1283 2841 et
1308 2767 1347 2840 0.
1374 2767 1417 2842 de
1437 2770 1555 2842 Durne
1581 2767 1731 2841 eiusdem

352 2863 506 2940 ecclesio
531 2869 718 2964 prepositi,
752 2891 794 2940 ac
819 2867 1067 2963 sepedictorum
1095 2869 1320 2942 ecclesiarum
1337 2867 1591 2966 ‚parochialium
1617 2869 1732 2944 archi-

351 2963 509 3061 dyaconi
523 2967 558 3038 in
574 2969 814 3041 ‘testimoninm
841 2967 982 3041 firmiter
1007 2973 1257 3043 communitum.
1284 2969 1407 3043 Actum
1429 2967 1627 3068 Herbipoli,'
1645 2993 1731 3044 anno

352 3063 479 3140 domini
504 3063 859 3169 ncctvttt.‚lx111⁰·
890 3067 1056 3144 kalendas
1083 3067 1185 3164 Maii,
1221 3067 1406 3147 indictione
1425 3073 1559 3170 prima²
1591 3067 1730 3170 pontili-

352 3175 447 3240 catus
473 3169 583 3242 noslri
609 3191 699 3243 anno
725 3172 852 3268 quinto.

559 3366 739 3462 Appendent
760 3375 888 3456 quatuor
911 3373 1019 3460 sigilla.
