3794 4722
317 466 365 540 94
901 463 1121 538 ulamau

315 661 528 736 rationabilis
556 659 676 734 ordine
702 659 969 755 dispensationis
996 656 1101 745 unna,
1129 679 1149 728 a
1173 669 1294 734 nostra
1319 662 1523 734 maturitate
1537 659 1706 734 cosmoe

315 761 563 858 perpetualiter
578 758 810 846 corroborari,
837 763 885 832 ita
898 779 1092 831 eeouuerso
1110 768 1380 832 consentaneum
1404 768 1458 831 ast
1471 762 1608 849 rationi,
1617 781 1705 854 pre-

318 862 542 935 daeessonrn
567 869 766 933 nostrorum
791 859 882 930 santa
907 855 1123 930 rationabilia
1155 867 1190 928 at
1225 877 1396 932 eoneessa
1421 857 1708 952 irrefragabiliter

317 958 554 1034 conseruando
580 956 785 1030 eonhrmari.
836 957 936 1029 Vnde
962 963 1079 1028 notum
1105 975 1187 1030 esse
1212 957 1372 1032 uolumus
1397 961 1612 1032 uniuersitati
1636 967 1724 1030 tam.

315 1061 528 1156 presentium
561 1079 661 1152 quam
694 1056 972 1152 subsequentium
1017 1053 1144 1128 Christi
1177 1054 1349 1147 fidelium,
1386 1056 1532 1150 qualiter
1572 1055 1707 1151 quidam

315 1157 567 1232 Rishardus
606 1159 660 1230 sui
692 1159 776 1230 iuris
809 1156 935 1246 homo,
968 1159 1003 1226 in
1040 1152 1161 1248 predio
1201 1177 1264 1247 suo
1302 1153 1706 1229 Suineshouhoten

317 1257 484 1352 eapellam
511 1256 676 1351 pandam
702 1277 765 1350 pro
792 1255 946 1327 remedio
974 1256 1083 1343 anime
1110 1276 1170 1345 sue
1196 1263 1232 1326 at
1256 1265 1434 1350 pareutum
1458 1277 1598 1328 suorum
1613 1277 1706 1328 oon-

316 1359 452 1446 stroxit,
478 1377 545 1450 que
571 1355 637 1428 sibi
664 1364 698 1425 et
723 1377 784 1445 sue
809 1357 1001 1450 posteritati
1041 1361 1076 1423 ot
1099 1350 1226 1444 familie
1261 1353 1303 1426 de
1330 1353 1512 1445 christiane
1528 1355 1706 1449 sepulture

316 1465 352 1528 et
383 1458 488 1528 totius
526 1453 789 1528 Christianitatis
822 1457 896 1525 iure
928 1450 1176 1548 responderat,
1215 1451 1383 1526 libertatis
1419 1453 1552 1526 honore
1589 1453 1705 1528 subli-

315 1553 438 1626 manda
464 1562 499 1625 et
524 1553 566 1624 ab
593 1556 686 1625 omni
711 1555 786 1624 iura
814 1562 849 1624 et
873 1562 1034 1648 respeetu
1060 1553 1210 1623 matricis
1227 1551 1376 1643 eoelestia
1400 1554 1436 1622 iu
1458 1551 1706 1624 Houeheim

316 1651 569 1748 emaneipanda.
621 1652 732 1724 Porro
760 1650 870 1743 diuine
896 1662 978 1724 nutu
1003 1649 1217 1745 prouidentia
1239 1650 1365 1722 laetum
1392 1661 1458 1742 est,
1484 1651 1574 1747 quod
1588 1673 1704 1724 uoue-

313 1750 432 1824 rabilis
465 1750 697 1847 pradeeassor
730 1761 851 1824 noster
874 1747 1148 1823 Emohardus
1176 1751 1360 1844 episeopus
1395 1748 1494 1840 beate
1535 1754 1703 1842 memorie

316 1850 482 1945 capellam
507 1850 601 1922 illam
634 1861 759 1943 rogatu
792 1849 916 1945 prelati
941 1847 1104 1921 Richardi
1139 1851 1360 1922 oonseorauit
1396 1857 1432 1920 et
1465 1860 1705 1924 eonsaeratam

315 1949 448 2023 duobus
474 1952 604 2023 mansis
630 1951 665 2019 in
690 1949 911 2020 inferiori
938 1945 1163 2019 Sulnbaeh
1200 1957 1234 2017 at
1267 1946 1407 2020 dimidio
1432 1951 1476 2020 -in
1511 1947 1703 2022 Suines-
1734 1961 1738 1968 '

314 2047 540 2122 houbeten
566 2047 609 2120 da
634 2048 753 2142 predio
780 2051 887 2142 ipsius
913 2047 1068 2140 legitime
1095 2045 1236 2118 dotauit.
1261 2046 1406 2141 Insuper
1421 2046 1586 2120 desimam
1601 2071 1704 2120 unam

313 2145 508 2220 Maehrit
534 2157 569 2219 et
593 2146 738 2218 alteram
762 2148 798 2218 in
824 2147 1040 2219 inferiori
1067 2143 1310 2237 sulzbach,
1336 2167 1419 2241 quas
1446 2150 1704 2240 prenominatus

313 2244 565 2320 bichardus
599 2244 641 2317 ab
667 2249 867 2341 episcopatu
895 2247 930 2317 in
954 2242 1123 2317 beneficio
1150 2242 1335 2336 habuerat,
1361 2243 1403 2316 ab
1428 2248 1505 2339 ipso
1530 2245 1704 2320 Blohardo

313 2345 508 2417 uoluntarie
534 2348 742 2438 resignatas,
770 2345 902 2440 capelle
927 2345 1082 2438 legitime
1109 2341 1287 2434 delegatas
1315 2353 1351 2415 et
1376 2343 1605 2434 contraditus,
1632 2344 1705 2418 doti

313 2445 547 2518 aoeumulault.
600 2445 759 2516 Tereiana
772 2466 858 2516 uero
874 2444 1039 2516 decimam
1065 2445 1099 2512 in
1114 2441 1213 2514 Mitt
1224 2442 1264 2512 el
1275 2441 1499 2516 sulzbach
1515 2441 1558 2515 de
1578 2443 1703 2516 eodem

312 2541 481 2617 beneficio
508 2565 593 2638 sepe
619 2541 699 2614 dieti
723 2542 884 2616 Riehardi
911 2541 952 2613 ab
969 2537 1308 2636 episcopatuhabito,
1335 2543 1437 2614 simili
1461 2541 1563 2615 modo
1580 2545 1703 2635 resig-

313 2651 427 2715 natam
460 2645 592 2716 matriei
628 2641 776 2734 ecclesie
802 2639 1071 2729 Houeheim‚
1109 2642 1163 2711 oui
1200 2637 1323 2713 fundus
1364 2641 1494 2735 eapelle
1528 2643 1703 2736 pertinuit,

313 2764 378 2838 pro
405 2743 670 2815 commutatione
696 2739 790 2812 iuudi
815 2738 912 2812 urna
937 2749 973 2812 et
998 2734 1112 2813 stabili
1139 2737 1324 2811 donatione
1340 2739 1553 2830 contradidit,
1580 2751 1615 2812 et
1635 2740 1704 2814 hoe

313 2840 418 2913 modo
454 2839 621 2936 capellam
655 2837 750 2912 illam
784 2838 944 2912 libertate
983 2837 1122 2910 donauit
1157 2847 1192 2909 et
1229 2841 1320 2910 omni
1364 2841 1439 2910 iure
1473 2849 1508 2912 et
1539 2849 1703 2935 respecto

212 2977 217 2986 ·
314 2943 466 3013 matricis
493 2938 641 3030 ecelesia
677 2961 738 3012 sua
765 2940 967 3010 auctoritate
994 2941 1229 3032 emancipauit.
1282 2935 1416 3010 Statuto
1451 2941 1552 3010 etiam
1587 2939 1702 3010 aduo-

313 3049 391 3110 eato
418 3039 535 3111 altaris
563 3057 775 3131 quoeunque
800 3041 835 3108 in
860 3039 1028 3132 progenie
1053 3037 1114 3108 illa
1140 3045 1231 3110 etate
1258 3039 1419 3108 maximo.
1474 3036 1592 3108 Sciant
1613 3059 1701 3132 pre-

312 3147 410 3210 terea
435 3148 504 3208 tarn
530 3145 735 3231 presentes,
768 3159 867 3230 pam
899 3135 1081 3230 postfuturi
1114 3134 1283 3231 preiahrm
1316 3134 1470 3230 predium
1505 3133 1701 3210 Sviues-

312 3235 546 3309 houbeten
570 3233 702 3330 prelato
728 3239 843 3330 sepius
868 3234 1093 3308 Richardo
1130 3244 1165 3307 et
1196 3233 1296 3306 matri
1329 3255 1393 3308 sue
1428 3233 1640 3326 Chunaee
1666 3244 1702 3306 et

313 3357 434 3408 eorum
459 3336 654 3431 posteritati
679 3357 699 3406 a
726 3333 811 3406 duee
826 3333 999 3424 Ottone,
1027 3336 1084 3429 qui
1098 3343 1267 3427 cognatus
1294 3354 1413 3405 eorum
1425 3332 1549 3424 iuerat,
1569 3355 1701 3428 eosque

312 3437 348 3507 iu
374 3437 467 3506 ouria
505 3455 568 3506 sua
605 3431 830 3525 edueauerat,
866 3433 1029 3506 collatum
1066 3442 1101 3504 et
1141 3435 1177 3504 in
1211 3453 1331 3506 manus
1365 3433 1702 3526 consanguineorum

313 3555 454 3610 suorum
478 3533 717 3606 Wortwini
744 3541 779 3604 et
803 3531 1015 3604 Riehardi
1041 3528 1084 3604 de
1109 3529 1388 3626 Magesbaeb
1413 3531 1456 3603 ad
1481 3531 1700 3605 obtinendum

312 3635 364 3710 ais
390 3631 606 3730 delegatum⁷
642 3655 685 3706 eo
710 3631 873 3706 uidelicet
907 3633 982 3704 iura
1016 3639 1051 3703 et
1082 3631 1217 3704 honore
1252 3637 1288 3702 et
1312 3629 1482 3724 utilitate,
1515 3651 1581 3726 pra
1605 3633 1700 3726 prius

310 3731 445 3829 prelato
472 3733 548 3806 duci
574 3735 762 3823 seruierat,
797 3741 834 3804 ut
867 3731 910 3803 de
935 3732 1069 3805 foresto
1095 3727 1333 3822 Hasobarg
1369 3731 1436 3826 ipsi
1470 3737 1506 3802 at
1540 3729 1700 3803 hemines

313 3854 433 3905 eorum
457 3835 506 3904 in·
519 3829 706 3904 ediheando
744 3829 865 3928 predio
898 3827 960 3902 illo
1002 3851 1064 3904 sua
1099 3839 1233 3904 sumant
1271 3827 1403 3901 adiheis
1438 3837 1473 3901 et
1504 3827 1701 3901 libertatem

311 3920 459 4003 habeant
492 3934 529 4003 in
566 3951 611 4004 eo
637 3929 792 4026 eapiandi
831 3949 931 4026 apum
966 3932 1124 4002 examina
1161 3939 1197 4002 et
1231 3947 1359 4024 peoora
1391 3926 1539 4002 habeant
1571 3949 1701 4024 pasena

312 4027 442 4123 absquo
462 4030 625 4104 mereede
650 4029 844 4104 lonssuria.
896 4029 958 4103 Jus
985 4031 1087 4102 etlam
1110 4023 1434 4124 tempestarias
1458 4027 1520 4100 illa
1537 4026 1700 4122 maudo-
