3794 4722
594 419 812 511 episcopatus
838 413 1133 510 wirsiburgensis.
1488 419 1558 492 tit

177 635 259 711 gara
286 638 448 708 agrorum
471 615 723 690 frumentalium
757 625 794 686 et
827 615 911 688 duas
946 625 1059 686 curtes
1092 619 1126 688 in
1160 615 1243 688 uilla
1264 614 1557 688 Vssinobeim

179 721 268 790 sitas
297 717 440 790 contulit
465 715 641 810 parrochie
668 739 729 806 sup
754 715 1127 790 Ricboluesbeim
1154 718 1187 786 im
1214 720 1557 810 reconpensationem

178 819 330 890 omnium
365 815 581 888 denariorum
619 816 826 899 missalium,
865 818 921 908 qui
954 815 1026 886 dari
1059 813 1268 888 debebantur
1301 815 1344 888 de
1382 820 1473 892 omni
1499 817 1559 890 illu

176 917 381 1013 parrochia,
421 925 567 1010 excepto
603 915 765 988 suburbio
799 918 904 988 castri
930 915 1183 988 Wertbeim.
1235 914 1396 990 Eiusdem
1424 939 1558 1012 quoque

175 1016 355 1112 parrochie
381 1015 589 1088 subditorum
615 1015 757 1109 quilibet
782 1018 952 1088 aunuatim
980 1037 1118 1088 caseum
1143 1014 1225 1088 dare
1250 1016 1478 1110 parrochiano
1493 1039 1557 1088 suo

177 1125 408 1190 consueuerat
432 1137 495 1210 pro
522 1137 579 1204 eo,
605 1138 649 1188 ao
677 1116 791 1188 limina
818 1125 1013 1188 sanctorum
1039 1125 1224 1211 martyrum
1250 1113 1395 1205 t‘lrristi,
1434 1116 1559 1188 Kilisnl

179 1228 212 1288 et
238 1219 415 1290 sociorum
441 1219 529 1298 eius,
555 1237 651 1286 more
669 1216 812 1286 aliorum
827 1215 998 1288 hominum
1017 1218 1050 1288 iu
1070 1219 1268 1310 episcopatu
1284 1215 1558 1309 wirzeburgensi

176 1319 382 1391 mouentium
409 1338 483 1388 curn
510 1315 692 1409 sollempni
719 1320 944 1409 processione
969 1325 1125 1410 tempore
1150 1325 1276 1388 statuto
1314 1316 1556 1410 frequentaret

174 1415 274 1488 lianc
298 1419 400 1508 igitur
426 1413 707 1488 cousuetudinem
734 1426 799 1486 tam
827 1413 1077 1502 detestabilem,
1105 1425 1140 1486 et
1160 1419 1375 1488 exactionem
1395 1420 1557 1510 turpissi-

176 1537 263 1588 mam
287 1515 396 1588 modis
423 1513 579 1588 omnibus
596 1514 796 1600 inhibemus,
820 1539 886 1586 nec
904 1538 968 1588 eos
990 1539 1009 1588 a
1034 1519 1108 1586 iura
1132 1515 1303 1603 uouieudi,
1329 1519 1397 1590 nisi
1421 1515 1559 1591 uocata

176 1613 472 1708 wirceburgensis
499 1617 652 1709 episcopi
678 1615 735 1687 uel
759 1615 985 1686 archidiaconi
1013 1637 1134 1688 eorum
1159 1637 1206 1688 ex
1222 1619 1432 1690 necessitate
1448 1616 1559 1710 aliquo

175 1719 364 1808 contingat,
390 1714 611 1786 absoluimus.
654 1715 739 1801 Quia
755 1738 840 1786 uero
856 1715 942 1786 hanc
961 1715 1252 1787 conmendabilcm
1267 1721 1559 1810 reconpensatio·
1634 1777 1640 1800 ,

174 1837 252 1886 nem
286 1817 320 1886 in
357 1815 513 1908 generali
546 1813 669 1886 sinodo
705 1825 823 1886 nostro
859 1815 901 1886 ab
928 1816 1081 1906 ecclesie
1109 1825 1226 1904 nostre
1253 1817 1394 1910 prelatis
1421 1827 1455 1887 et
1481 1817 1557 1888 aliis

177 1913 382 2009 quibuslibet
407 1913 648 1989 assistentibus
674 1913 854 2009 approbari
868 1913 1068 2004 audiuimus,
1094 1919 1262 1988 communi
1279 1920 1426 1988 omnium
1438 1916 1558 1988 fauore

176 2025 210 2085 ct
235 2035 409 2088 consensu
437 2017 614 2086 statuimus
640 2024 675 2084 et
702 2017 735 2084 in
761 2019 885 2086 uirtute
911 2013 1104 2086 obedientie
1125 2013 1279 2086 omnibus
1296 2017 1558 2088 successoribus

176 2115 320 2209 predicti
346 2113 479 2208 plebani
506 2117 538 2185 in
554 2117 786 2210 prenominata
814 2113 1374 2208 parrochialticboluesbeim
1405 2117 1557 2189 districte

175 2215 401 2308 precipimus,
437 2223 473 2284 ut
497 2213 611 2286 nullos
638 2211 797 2286 denarios
825 2214 984 2286 missales
1010 2215 1068 2285 uel
1095 2235 1219 2286 caseos
1247 2214 1407 2309 deinceps
1435 2220 1556 2310 requi-

174 2323 250 2386 rant
277 2313 333 2384 uel
359 2315 569 2410 recipianta
606 2311 747 2386 subditis
782 2318 876 2404 suis,
912 2317 978 2386 nisi
1013 2318 1045 2388 in
1079 2313 1239 2386 suburbio
1275 2319 1378 2386 castri
1406 2315 1558 2386 Wert-

173 2412 303 2501 beim,
340 2417 373 2484 in
407 2437 473 2507 quo
509 2412 668 2484 missales
705 2411 834 2484 denarii
864 2423 897 2484 et
928 2413 1010 2485 nulli
1039 2417 1132 2484 casei
1159 2413 1384 2508 parrochiano
1413 2417 1557 2510 persol-

174 2523 307 2585 ueutur.
359 2511 515 2584 Predium
542 2535 676 2608 quoque
704 2535 805 2608 supra
834 2525 1070 2602 memoratum,
1096 2513 1184 2608 quod
1213 2518 1246 2585 in
1272 2513 1358 2584 banc
1376 2514 1484 2584 datum
1505 2525 1559 2586 est

175 2616 539 2708 reconpensationem,
578 2615 654 2708 quia
680 2617 773 2708 prius
799 2613 925 2686 nullius
952 2614 1107 2686 aduocati
1134 2617 1208 2686 iure
1235 2613 1432 2702 tenebatur,
1471 2619 1560 2686 sicut

175 2715 208 2784 iu
243 2711 365 2786 eadem
402 2711 524 2785 sinodo
558 2723 677 2784 nostra
704 2718 942 2786 sententiatum
968 2713 1049 2801 luit,
1090 2717 1288 2790 statuimus.
1325 2725 1361 2784 ut
1395 2714 1556 2786 decetero

175 2811 302 2884 nullius
329 2811 484 2884 aduocati
511 2817 574 2883 iuri
601 2809 786 2884 subiaceat.
814 2813 875 2885 sed
901 2812 1065 2909 plebanus
1087 2814 1239 2884 eiusdem
1257 2813 1434 2908 parrochie
1449 2817 1557 2910 ipsum

176 2910 353 3006 possideat
380 2911 569 2986 absolutum
597 2911 638 2986 ab
665 2917 756 2984 omni
783 2917 856 2984 iure
883 2913 1049 2984 aduocati.
1100 2913 1146 2984 Vt
1173 2924 1284 2985 autem
1313 2913 1379 2985 boc
1404 2926 1557 2986 nostrum

177 3009 379 3083 rationabile
407 3023 564 3085 statutum
592 3023 757 3108 perpetuo
785 3017 901 3106 uigeat
926 3013 1066 3102 robore,
1092 3024 1286 3108 presentem
1305 3015 1383 3085 inde
1400 3019 1557 3110 paginam

180 3109 354 3186 conscribi
380 3110 525 3184 lecimus
552 3121 586 3183 et
610 3111 716 3206 sigilli
742 3117 852 3186 nostri
880 3115 1095 3208 appositione
1122 3117 1324 3200 conmuniri,
1351 3119 1558 3190 sanctientes

178 3223 213 3282 et
241 3215 443 3284 auctoritate
468 3211 558 3286 beati
574 3213 678 3300 Petri,
705 3216 800 3286 cuius
826 3216 937 3284 uicem
963 3213 1044 3284 licet
1069 3213 1196 3306 indigni
1220 3217 1394 3308 gerimus,
1418 3213 1559 3286 tirmiter

178 3313 422 3408 precipientes,
447 3322 483 3382 ut
508 3311 621 3384 nullus
649 3335 888 3386 successorum
915 3323 1131 3404 nostrorum,
1154 3313 1246 3386 nullo
1271 3336 1420 3408 persona
1447 3313 1556 3386 cleri-

174 3410 261 3484 calis
284 3413 361 3484 siue
391 3411 523 3484 laicalis
550 3411 637 3484 banc
663 3423 817 3484 nostram
853 3415 1130 3486 constitutionem
1165 3424 1340 3510 presumat
1376 3417 1558 3502 mmutarc,

174 3509 231 3581 uel
259 3507 411 3604 quolibet
438 3511 541 3584 modo
568 3509 750 3586 iulirmere.
804 3511 902 3600 Quod
928 3517 981 3608 qui
1008 3511 1131 3586 lecerit
1152 3511 1328 3586 anathema
1348 3517 1402 3596 sit,
1429 3523 1556 3588 etcum

173 3610 330 3705 reprobis
359 3615 562 3684 sententiam
591 3609 733 3684 districti
766 3611 877 3684 iudicii
905 3616 1071 3686 sustineat
1097 3623 1131 3682 et
1157 3615 1262 3710 ipsius
1289 3613 1443 3684 ellectum
1471 3635 1557 3707 per-

173 3721 276 3804 petuo
305 3713 438 3781 sentiat.
493 3711 600 3784 Huius
627 3715 679 3782 rei
705 3721 814 3784 testes
843 3724 937 3784 sunt:
979 3709 1173 3784 Gotelridus
1209 3716 1317 3784 maior
1349 3715 1557 3808 prepositus,

173 3809 371 3882 lictefridus
397 3809 571 3900 decanus,
610 3811 808 3884 lictefridus
836 3821 976 3900 cautor,
1016 3810 1191 3884 cunradus
1217 3816 1413 3908 prepositus
1440 3823 1556 3904 sancte

172 3908 294 3996 ldarie,
315 3909 550 3984 Theodericus
566 3915 761 4006 prepositus
783 3911 825 3982 de
837 3909 1089 3999 Onoldcsbacb,
1104 3909 1269 3986 Gerlacus
1285 3912 1555 4002 archidiaconus,

171 4007 413 4082 Werneberus
449 4015 643 4106 prepositus
685 4015 794 4084 sancti
828 4012 1013 4088 lobannis.
1050 4010 1270 4149 Eberharpns
1305 4013 1347 4085 de
1371 4013 1557 4103 Marmora,
