3774 4728
324 457 399 533 230
767 499 769 504 ,
885 456 1129 531 nocumenta·

325 657 582 732 deliberacione
623 664 658 726 et
700 651 918 742 discussione
958 655 1138 750 diligenti,
1187 659 1283 753 ipsos
1330 657 1382 728 sic
1425 655 1710 732 concordauimns

326 765 516 835 statuentes
543 764 578 828 et
603 751 815 846 mandantes,
841 756 931 851 quod
957 759 1053 830 iuxta
1078 757 1223 829 lormam
1249 755 1515 850 composicionis
1541 759 1709 832 intereos

309 849 419 956 'prius
432 855 591 945 habitam,
619 853 775 928 dommus
792 859 975 953 episcopus
990 855 1287 952 babenbergensis
1303 876 1365 952 pro
1386 851 1538 951 dampnis
1557 857 1710 932 ecclesie

319 957 558 1055 herbipolensi
583 954 688 1030 illatis
715 953 805 1028 dabit
837 955 883 1028 Μ.
910 979 1044 1031 marcas
1071 961 1227 1052 argenti,
1260 977 1399 1052 quarum
1439 957 1642 1050 quingentas
1674 960 1712 1030 in
1849 1013 1853 1019 .

323 1059 416 1135 festo
444 1055 636 1154 epiphanie,
661 1055 746 1130 alias
773 1059 977 1152 quingentas
1003 1059 1038 1129 in
1063 1056 1154 1130 festo
1168 1056 1372 1154 Walpurgis
1385 1059 1544 1151 proximo
1561 1067 1709 1132 venturo

323 1159 513 1258 persoluet.
565 1154 623 1228 Ad
657 1159 876 1230 securitatem
910 1167 1023 1229 autem
1058 1157 1246 1232 solutionis
1277 1159 1423 1253 pecunie
1464 1155 1633 1228 antedicta
1668 1157 1713 1231 ad

323 1261 490 1334 terminos
517 1255 627 1330 dictos
654 1253 745 1328 dabit
770 1277 960 1352 sponsores
986 1279 1096 1354 usque
1135 1258 1177 1330 ad
1201 1257 1326 1332 festum
1350 1258 1460 1330 sancti
1484 1255 1710 1348 Michahelis3

325 1357 417 1457 quod
442 1361 474 1434 si
499 1377 691 1453 sponsores
717 1353 846 1429 hahere
870 1360 1062 1452 nequiuerit
1086 1380 1150 1453 per
1174 1357 1326 1431 redditus
1354 1377 1437 1430 suos
1463 1356 1710 1451 ipsumherbi-

322 1461 505 1558 polensem
532 1459 731 1554 episcopum
757 1466 886 1528 certum
912 1456 1044 1530 reddet.
1099 1455 1237 1553 Siquis
1265 1467 1377 1528 autem
1390 1454 1710 1532 axlideiussorihus

324 1561 412 1635 datis
438 1566 550 1632 morte
574 1564 760 1651 prouentus
786 1555 901 1649 luerit,
926 1557 986 1630 vel
1003 1555 1101 1631 dictis
1115 1560 1267 1630 terminis
1283 1561 1319 1629 in
1338 1555 1518 1630 solucione
1532 1555 1711 1650 deiecerit,

322 1664 401 1757 ipse
427 1659 583 1730 dominus
611 1658 793 1751 episeopus
820 1656 1115 1752 babenbergensis
1143 1657 1185 1729 sd
1212 1657 1425 1732 solucionem
1453 1653 1542 1728 dicte
1564 1661 1710 1753 pecunie

322 1757 585 1834 nichilhominus
612 1763 778 1828 teneatur.
813 1757 883 1829 Pro
908 1745 1132 1831 incommodis
1160 1757 1376 1847 ueroillatis,
1403 1759 1593 1848 statuimus,
1619 1757 1711 1852 quod

324 1859 481 1932 dominus
506 1853 799 1949 babenbergensis
824 1854 893 1928 llll.
922 1857 964 1930 de
989 1857 1267 1930 ministerialibus
1294 1861 1366 1930 suis
1403 1867 1440 1928 et
1476 1879 1584 1929 vnvm
1617 1879 1709 1932 vas-

326 1958 451 2034 sallum
477 1955 621 2030 liberum
648 1965 726 2027 ante
750 1955 875 2028 lestum
886 1956 1086 2030 Michahelis
1102 1960 1313 2052 provinciam
1341 1955 1497 2028 abiurare
1522 1956 1637 2048 faciat,
1662 1961 1710 2028 ita

323 2057 500 2148 uideIIcet,
526 2065 564 2129 vt
589 2053 691 2128 iidem
717 2078 737 2127 a
763 2054 818 2128 die
840 2059 1023 2149 juramenti
1050 2055 1092 2129 ad
1116 2057 1181 2129 XV
1206 2056 1279 2129 dies
1306 2079 1326 2127 a
1350 2059 1549 2152 prouincia,
1582 2061 1617 2128 in
1643 2079 1709 2151 qua

324 2161 469 2255 quisque
496 2177 702 2228 conmanere
729 2159 933 2246 eonsweuit,
961 2155 1102 2231 exulent
1117 2157 1177 2230 vel
1193 2155 1326 2248 cedant,
1351 2178 1421 2228 non
1442 2155 1582 2230 redituri
1597 2155 1711 2228 donec

323 2259 555 2355 pergratiam
581 2254 641 2328 vel
665 2253 845 2328 licenciam
879 2257 1005 2330 domini
1030 2255 1282 2352 herbipolensis
1318 2257 1473 2352 episcopi
1499 2259 1551 2328 eis
1576 2255 1707 2331 reditus

324 2355 543 2430 concedatur.
594 2352 679 2426 Item
704 2365 821 2451 preter
857 2356 923 2429 bec
964 2357 1006 2429 de
1039 2359 1171 2429 iniuriis
1205 2360 1280 2431 siue
1316 2359 1552 2446 nocumentis,
1588 2355 1708 2451 quihus

323 2456 413 2530 alter
439 2457 481 2530 ab
508 2455 629 2535 altero,
644 2475 686 2528 se
711 2455 781 2528 vel·
796 2477 880 2530 suos
905 2456 1030 2530 dixerit
1042 2465 1218 2549 granatos,
1245 2459 1321 2528 siue
1347 2459 1501 2551 ceperint
1526 2465 1606 2527 ante
1619 2479 1708 2552 pre-

321 2557 406 2630 lium
431 2555 491 2629 vel
515 2559 550 2628 in
575 2553 707 2650 prelio,
748 2557 823 2628 siue
863 2557 1080 2653 postmodum
1115 2565 1330 2630 emerserunt
1362 2577 1473 2650 usque
1506 2554 1548 2626 ad
1580 2554 1707 2630 festum

321 2667 391 2730 mm
414 2653 506 2728 beati
528 2653 743 2744 blichahelis,
769 2675 867 2750 quam
892 2655 936 2728 ad
961 2653 1116 2730 eumdem
1143 2659 1321 2728 terminum
1347 2659 1459 2751 sopita
1482 2677 1553 2728 non
1566 2654 1709 2748 fuerim,

321 2759 370 2834 ita
395 2758 593 2846 statuimus,
630 2764 669 2826 ut
708 2753 863 2830 dominus
888 2755 1182 2849 babenbergensis
1225 2754 1311 2830 duos
1348 2754 1391 2827 de
1428 2757 1604 2829 canonicis
1629 2759 1705 2831 suis

321 2857 464 2928 maioris
491 2853 655 2945 ecclesie,
682 2852 767 2928 dnos
783 2853 826 2927 de
840 2856 1017 2948 vassallis,
1043 2855 1129 2928 duos
1148 2854 1190 2928 de
1209 2853 1488 2928 ministerialibus
1504 2857 1590 2946 suis,
1616 2878 1705 2950 quos

322 2953 484 3043 uoluerit,
511 2953 629 3048 eligat,
655 2963 691 3026 et
716 2953 870 3030 dominus
896 2954 1150 3053 herbipolensis
1177 2953 1219 3026 de
1245 2959 1317 3030 suis
1345 2955 1501 3030 similiter
1516 2957 1706 3048 canonicis,
1801 3013 1805 3026 .

321 3052 500 3144 vassallis,
526 3063 561 3125 et
585 3054 862 3128 ministerialibus
888 3055 1041 3146 totidem,
1068 3076 1153 3150 quos
1180 3054 1340 3128 noluerit.
1374 3055 1436 3128 lstl
1447 3053 1521 3126 llll.
1530 3053 1706 3148 jurabunt,

323 3152 415 3250 qnod
445 3155 604 3249 proximo
643 3154 698 3227 die
733 3165 813 3251 post
848 3155 973 3229 festum
1009 3153 1208 3229 llichabelis
1250 3147 1530 3230 Swinlurthe
1566 3159 1706 3246 intrent,

320 3253 447 3326 ibidem
472 3255 634 3344 mansuri,
660 3254 771 3327 donec
795 3257 935 3328 iniurias
963 3265 997 3327 ct
1023 3258 1265 3351 querimonias,
1290 3277 1356 3352 que
1382 3257 1476 3350 prius
1502 3257 1591 3327 inter
1607 3257 1704 3351 ipsos

321 3356 506 3451 episcopos
533 3363 568 3426 et
592 3353 748 3428 homines
773 3357 926 3449 ipsorum
953 3359 1147 3452 sopitanon
1162 3353 1309 3448 fuerant,
1335 3353 1521 3430 secundum
1536 3357 1705 3430 iusticiam

321 3451 483 3544 dilinimt,
507 3453 568 3527 uel
594 3457 713 3527 amice.
766 3453 933 3550 Quidquid
959 3459 1059 3529 etiam
1085 3455 1154 3528 illis
1171 3453 1456 3528 concordantibus
1482 3453 1585 3527 merit
1603 3455 1704 3526 crdi-

319 3564 448 3647 natum,
472 3563 619 3650 vterque
644 3557 885 3651 episcoporum
910 3577 975 3652 pro
1002 3579 1042 3630 se
1068 3553 1287 3646 obsemabit,
1325 3565 1361 3626 et
1395 3575 1479 3629 suos
1506 3553 1607 3626 adid
1633 3553 1704 3627 ob-

320 3654 527 3728 seruandum
539 3653 687 3744 inducet,
712 3653 803 3727 bona
828 3653 905 3728 lide.
959 3653 1058 3743 Quod
1084 3658 1114 3728 si
1126 3654 1217 3727 iorte
1233 3657 1409 3748 contingat
1424 3653 1536 3748 aliqua
1548 3658 1705 3750 parcium

321 3773 369 3829 ex
393 3755 459 3830 hiis
484 3751 557 3826 XII.
586 3753 627 3826 ab
653 3755 720 3826 alia
744 3763 842 3850 parte
867 3755 1156 3850 qualitercumque
1181 3758 1271 3826 inter
1296 3777 1336 3828 se
1362 3753 1582 3846 discordare,
1608 3751 1704 3826 diffi-

318 3857 441 3929 nitioni
464 3857 572 3950 partis
596 3857 737 3928 maioris
764 3852 919 3928 standum
947 3863 1020 3944 est,
1055 3865 1090 3926 et
1122 3853 1181 3925 illa
1205 3871 1305 3950 pars,
1339 3873 1402 3949 per
1435 3875 1533 3950 mam
1570 3859 1705 3928 steterit

319 3954 479 4029 dllhnieio
506 3953 585 4028 talis
611 3975 658 4025 ex
682 3957 893 4028 necessitate
927 3955 1106 4026 iuramenti
1130 3955 1289 4049 prestiti,
1321 3953 1508 4052 predictum
1541 3955 1704 4052 ‘oppidum

320 4053 599 4130 Swiniurthe
621 4075 692 4126 non
718 4053 847 4146 exibit,
880 4052 991 4126 donec
1024 4052 1209 4126 concordia
1244 4053 1303 4125 nel
1327 4057 1461 4128 iusticia
1485 4057 1702 4128 interueniat.
