3794 4722
356 463 406 538 90
784 515 789 528 .
946 459 1167 537 monumenta
1290 545 1295 554 ‚

357 665 579 751 ermannus,
605 659 685 733 Otto
713 671 751 732 et
773 663 886 753 Anno,
907 661 1122 738 Gotelsoldus
1148 659 1318 750 sinister,
1338 663 1441 754 tuing
1466 661 1509 735 de
1535 662 1748 755 monum,

357 758 609 834 Wallremmus
634 771 803 854 cognatus
830 783 925 834 suus.

456 889 546 962 Acta
581 909 671 964 curuo
707 885 874 978 dominica
908 889 1152 961 incarnationis
1179 881 1432 977 monitui,
1459 885 1648 960 indictione
1673 884 1748 977 11²1,

357 997 526 1082 regnante
554 988 810 1082 gloriosissimo
847 987 1081 1060 Romanorum
1106 989 1314 1084 imperatore
1339 983 1540 1076 iuuenco,
1578 987 1747 1082 Boppane

357 1087 489 1186 urbano
517 1090 642 1162 comite
664 1089 853 1165 existente.
1121 1095 1125 1100 '

358 1291 364 1300 '
477 1309 481 1318 ·
549 1262 705 1368 'Sigillum
725 1279 848 1345 liei-aldi
871 1287 1006 1366 episcopi
1038 1287 1215 1363 impressum
1236 1281 1392 1361 illaesum
1426 1281 1506 1344 luno
1538 1285 1750 1360 repraesentet

568 1369 669 1431 lraltitu
692 1367 854 1448 pontificali
874 1366 1031 1447 indutum,
1061 1365 1171 1448 pedum
1203 1371 1342 1443 sinistra,
1376 1363 1484 1429 librum
1515 1365 1749 1450 emngauoruu

568 1455 952 1603 {grauveflffigssmlffl‘
970 1457 1162 1533 inscriptione
1184 1459 1226 1532 ,ἀ
1248 1450 1427 1518 ΗΕΗΟΒΝ.
1451 1453 1500 1518 m.
1524 1451 1612 1520 Gltet.
1635 1449 1749 1523 ‚WEllr

1193 1949 1212 1984 ο

1023 2004 1093 2078 CX.

951 2205 1040 2266 Anno
1066 2197 1157 2264 1169.

361 2385 485 2458 Charta
526 2387 567 2458 de
605 2389 856 2483 compositione
883 2385 1076 2458 discordiae
1103 2395 1248 2458 exortae
1284 2387 1374 2455 inter
1412 2381 1599 2476 collegium
1640 2387 1751 2455 sancti

359 2483 497 2582 Kyliani
525 2497 559 2558 et
585 2486 797 2558 Gerhardum
823 2485 865 2557 de
890 2483 1062 2558 Hartbach
1084 2495 1226 2582 propter
1260 2481 1416 2574 domum,
1443 2503 1541 2578 quam
1567 2481 1748 2560 Walterus

459 2585 639 2680 aqrridam
663 2585 825 2679 Billungo
853 2585 1071 2658 vicedomino
1099 2595 1134 2655 et
1160 2607 1179 2655 a
1207 2579 1370 2676 Gerungo
1400 2583 1622 2680 comparavit.

460 2737 498 2810 0.
550 2738 589 2809 lu
614 2741 753 2812 nomine
780 2749 897 2832 sancte
922 2742 1081 2812 trinitatis
1108 2749 1142 2811 et
1155 2737 1323 2829 indiuidue
1349 2739 1496 2812 unitatis.
1550 2736 1749 2830 Collegium

359 2840 469 2910 sancti
494 2836 644 2931 Kyliaui.
698 2839 866 2926 Quoniam
894 2859 940 2910 ex
965 2841 1162 2934 antiquitate
1187 2839 1338 2910 nescitum
1361 2835 1504 2928 obliuio,
1531 2848 1566 2910 et
1590 2859 1637 2908 ex
1651 2835 1748 2910 obli-

358 2939 463 3008 uione
488 2939 696 3029 ignorantia,
722 2937 800 3010 ideo
827 2948 943 3010 uotmu
971 2961 1053 3011 cese
1080 2937 1314 3012 desideramus
1341 2935 1497 3010 omnibus
1512 2947 1579 3008 tam
1594 2958 1750 3034 presenss

360 3034 449 3110 tibus
476 3059 575 3130 quem
600 3036 722 3112 futuris
750 3037 876 3111 Christi
902 3037 1079 3128 fidelibus,
1117 3037 1262 3132 qualiter
1287 3035 1420 3130 quidam
1447 3039 1600 3110 concinis
1627 3045 1751 3109 noster

358 3133 598 3208 Walterus
624 3141 776 3228 uomina
804 3138 939 3210 domum
957 3137 1123 3232 quandam
1150 3136 1264 3208 domui
1279 3137 1420 3225 etcurie
1445 3155 1506 3226 sue
1532 3139 1751 3208 coniunctam

359 3243 395 3305 et
419 3234 464 3306 ad
488 3255 586 3306 usum
611 3247 767 3309 nostrum
792 3241 1033 3332 pertinentem,
1057 3261 1079 3308 a
1104 3234 1236 3308 duobus
1263 3231 1462 3306 concidibus
1486 3239 1618 3308 nostris
1643 3233 1750 3306 uide·-

358 3333 443 3406 lioet
467 3357 487 3404 a
512 3335 728 3430 Billungo
753 3336 972 3410 uieedomino
1013 3346 1049 3408 et
1081 3335 1340 3426 aGerungo
1376 3343 1521 3426 urgento
1556 3355 1621 3406 suo
1656 3355 1751 3406 cou-

358 3435 503 3528 parauit,
530 3443 601 3504 eta
626 3435 958 3507 manuBurlrardi
974 3435 1095 3506 decani
1112 3435 1224 3508 nostri
1240 3435 1385 3527 recepit,
1411 3455 1453 3505 ea
1475 3433 1638 3506 uidelicet
1653 3433 1752 3527 loge,

358 3541 396 3604 ut
421 3535 498 3627 ipse
525 3541 560 3603 et
586 3536 639 3606 sui
664 3533 813 3608 heredes
840 3538 1010 3606 annuatim
1036 3533 1122 3606 duos
1148 3535 1250 3603 tritici
1274 3531 1409 3605 modios
1445 3541 1481 3606 et
1506 3537 1653 3629 quinque
1679 3537 1753 3606 uiui

360 3631 526 3726 quartalia
563 3631 666 3704 nobis
701 3633 745 3705 de
776 3657 819 3706 ea
859 3633 1071 3729 persoluent.
1126 3633 1212 3718 Quia
1246 3640 1359 3701 mitem
1391 3654 1454 3726 pro
1490 3633 1611 3705 eadem
1645 3633 1751 3707 domo

360 3729 546 3826 optinenda
571 3733 661 3803 inter
695 3755 761 3806 nos
801 3743 836 3804 et
872 3737 962 3803 inter
987 3730 1260 3803 Gerlardum
1300 3728 1343 3800 de
1367 3731 1589 3804 Hartbaoh
1624 3741 1752 3806 exorte

359 3833 642 3920 succensendo,
676 3841 710 3902 et
746 3835 823 3925 quia
848 3853 965 3902 coram
991 3829 1190 3902 Heroldo
1225 3828 1415 3902 uenerabili
1450 3830 1751 3925 wirceburgmis

359 3928 508 4021 ecclesie
546 3931 712 4023 episcopo
746 3930 992 4023 religiosorum
1025 3931 1177 4000 uirorum
1211 3938 1279 4000 tam
1314 3928 1481 4002 laicorum
1506 3953 1607 4025 quum
1635 3932 1751 4005 cleri-

359 4049 479 4100 corum
505 4031 704 4101 testimonio
730 4037 766 4098 et
791 4030 883 4102 iusto
909 4038 944 4098 et
968 4025 1161 4098 rationabili
1185 4025 1334 4120 iudicio,
1368 4029 1465 4102 selua
1489 4029 1690 4104 Walteri
1714 4039 1752 4105 ot
