3774 4728
581 459 798 556 episcopatus
824 459 1118 558 wirsiburgensis.
1471 459 1541 534 351

162 654 395 732 abundantem.
448 657 484 734 ln
523 663 619 734 cuius
654 663 705 734 rei
732 665 960 738 testimoninm
995 671 1194 759 presentem
1232 662 1380 735 litteram
1419 661 1546 736 euinde

162 763 388 856 conscriptam
414 761 538 854 sigillis
565 771 686 834 nostro
728 773 763 833 et
789 775 978 838 conuentus
1017 767 1128 838 nostri
1161 763 1305 838 fecimus
1332 765 1544 835 communiri.

162 862 283 932 Actum
310 882 399 932 anno
426 861 552 934 domini
577 861 621 934 Μ.
651 860 718 934 CO.
744 862 803 952 L.,
830 887 950 938 mense
976 864 1193 955 Decembris,
1218 863 1403 936 indictione
1427 861 1547 954 Vtut,

162 959 375 1056 pontificatus
389 959 515 1033 domini
526 962 711 1036 Hermanni
727 962 980 1060 herbipolensis
990 968 1144 1062 episcopi
1152 987 1241 1038 onno
1251 967 1420 1040 vicesimo
1429 973 1544 1038 sexto.

374 1161 511 1247 Sigillum
533 1161 662 1226 lleinrioi
685 1163 800 1228 abbatis
823 1166 980 1249 appendet.

766 1611 943 1690 cccxlv.

644 1811 732 1880 nm
756 1809 860 1898 1251,
884 1809 933 1882 10.
956 1815 1060 1882 uon

163 1996 378 2074 Hermannus
424 1996 676 2096 herbipolensis
723 2003 906 2098 episcopus
947 2014 1055 2077 ratum
1094 2000 1213 2096 habet,
1251 2002 1342 2099 quod
1382 2002 1461 2075 Otto
1504 2001 1547 2075 de

121 2191 129 2206 ,
164 2097 369 2194 Imbdeburg
402 2099 658 2176 archidiaconus
692 2103 828 2176 vineam
868 2101 982 2176 officio
1016 2103 1194 2176 custothae
1230 2105 1428 2178 attinentem
1453 2105 1546 2174 etin

165 2211 282 2274 monte
308 2211 448 2276 sanctae
472 2201 603 2274 Mariae
629 2203 740 2292 sitam,
765 2225 829 2298 pro
856 2201 988 2278 duobus
1013 2203 1190 2298 iugeribus
1215 2207 1335 2297 musti,
1361 2207 1436 2278 sitis
1459 2201 1546 2276 inira

225 2305 439 2398 superiorem
466 2311 501 2374 ct
527 2301 726 2376 interiorem
751 2305 841 2376 viam
866 2325 993 2379 versus
1015 2303 1261 2394 Rundisaclrer,
1289 2313 1482 2389 commutet.

264 2473 540 2547 Hermannus
567 2472 620 2545 dei
634 2476 744 2568 gretia
768 2472 1021 2572 herbipolensis
1041 2477 1224 2574 episcopus
1241 2530 1249 2548 .
1266 2529 1299 2547 ..
1326 2485 1443 2551 uotum
1465 2496 1547 2550 esse

167 2571 325 2650 nolumus
350 2575 521 2648 uniuersis
547 2583 614 2646 tam
639 2576 810 2672 presentis
837 2598 934 2672 mam
960 2575 1061 2648 futuri
1088 2579 1145 2651 eui
1169 2567 1335 2666 fidelibus,
1364 2573 1546 2670 quodcum

169 2674 314 2749 dilectus
340 2675 616 2768 consanguineus
643 2687 763 2748 noster
788 2673 891 2748 Otto
919 2674 961 2747 de
976 2673 1240 2770 Lobdeburg
1260 2675 1411 2749 ecclesie
1426 2684 1546 2747 nostre

169 2773 428 2851 archidiaconus
453 2785 554 2870 etque
580 2785 697 2848 custos
724 2773 865 2850 heberet
889 2778 1022 2848 utineam
1056 2775 1133 2848 sere
1168 2774 1211 2848 de
1241 2774 1348 2850 tribus
1371 2773 1547 2870 iugeribus

169 2879 267 2949 sitam
292 2877 326 2949 in
352 2883 684 2950 montesancto
708 2876 847 2951 blarie
872 2879 976 2950 castri
1001 2879 1132 2967 nostri,
1161 2874 1275 2950 elicio
1301 2898 1364 2950 sne
1390 2875 1546 2948 custodie

168 2980 378 3068 obtinentem,
403 2999 469 3072 que
495 2985 562 3048 tom
588 2985 728 3072 propter
752 2974 961 3049 habitatores
988 2975 1141 3050 eiusdem
1171 2980 1275 3052 castri
1299 2980 1421 3066 nostri,
1448 2997 1546 3070 quam

168 3088 309 3174 propter
334 3079 547 3153 sterilitatem
574 3097 735 3171 agrorum
761 3077 871 3150 minus
897 3074 989 3150 utilis
1016 3076 1080 3151 sibi
1106 3077 1209 3167 loret,
1235 3074 1546 3174 supplicauitnobis

168 3177 340 3252 humiliter
364 3187 399 3252 et
422 3175 560 3268 deuote,
585 3178 740 3274 quatinus
765 3174 908 3250 eandem
932 3179 1065 3250 uincam
1080 3176 1145 3250 sibi
1157 3175 1280 3250 liceret
1293 3175 1546 3250 cumOttone

170 3279 212 3350 de
236 3277 476 3374 Espinuelt
499 3275 591 3350 fideli
616 3287 737 3352 nostro
763 3299 826 3373 pro
854 3274 984 3350 duobus
1012 3277 1187 3372 iugeribus
1220 3279 1326 3350 uincti
1360 3279 1434 3350 sitis
1459 3275 1546 3348 inira

170 3380 383 3475 superiorem
409 3387 444 3450 et
475 3377 673 3452 inferiorem
707 3381 817 3468 niam,
856 3400 922 3472 que
963 3377 1053 3451 ducit
1085 3399 1209 3452 uersus
1246 3374 1546 3464 Randisaher,

171 3489 390 3554 commutare.
425 3477 498 3552 Nos
524 3500 610 3552 uero
627 3477 886 3554 considerantes
901 3477 1090 3570 utilitatem,
1115 3499 1213 3574 quom
1228 3477 1381 3550 custodia
1395 3477 1548 3548 ecclesie

168 3589 289 3658 nostro
314 3602 361 3654 ex
386 3601 430 3652 eo
457 3587 573 3675 potest
597 3582 773 3675 recipere,
798 3581 905 3674 ipsam
932 3582 1250 3668 commutationem,
1282 3579 1371 3650 sicut
1403 3585 1458 3650 est
1481 3577 1547 3648 rite

169 3693 204 3754 et
228 3677 475 3754 rationabiliter
500 3679 611 3770 luch,
637 3678 679 3752 de
705 3699 878 3752 consensu
903 3678 1041 3773 capituli
1066 3682 1199 3770 nostri,
1236 3687 1303 3749 tom
1338 3698 1400 3774 per
1437 3680 1549 3772 ipsum

170 3781 345 3856 custodem
372 3802 471 3876 quam
498 3779 780 3875 perOttonem
807 3776 849 3849 de
868 3777 1110 3874 Espinuelt
1135 3780 1340 3876 premissum
1353 3787 1387 3849 et
1400 3797 1545 3849 uxorem

170 3885 244 3956 eius
269 3879 527 3954 buchardim
563 3891 671 3954 ratem
697 3878 824 3952 habere
848 3878 1030 3972 uolentes,
1069 3902 1143 3952 eom
1170 3881 1370 3951 auctoritate
1395 3897 1546 3973 presen-

169 3987 250 4059 tium
276 3979 527 4071 confirmamus,
552 3979 739 4054 adicientes
765 3977 885 4052 eadem
910 3977 977 4051 dun
1003 3982 1124 4076 ingere
1149 3977 1303 4052 custodie
1335 3985 1478 4066 nostre,
1511 3985 1548 4047 et

168 4083 353 4181 prothetam
366 4084 498 4158 uinecm
513 4083 546 4154 in
561 4091 676 4158 moute
690 4089 809 4158 sancte
820 4079 951 4155 Morino
964 4083 1062 4158 sitam
1082 4079 1238 4156 Ottoni
1255 4078 1297 4152 de
1312 4079 1417 4176 Espi
1427 4075 1547 4152 nuelt
