3838 4728
742 439 958 530 episcopatus
986 430 1279 528 wirsiburgensis.
1627 432 1701 511 595

317 631 572 706 assercionibns
599 643 633 705 et
657 633 852 707 racionibus
880 631 1042 705 dictarum
1068 635 1211 728 partium
1248 629 1291 702 de
1324 630 1455 727 prefata
1481 631 1700 710 dissensione

316 736 502 830 propositis
530 755 646 806 coram
671 733 772 806 nobis
799 743 834 806 et
859 755 963 830 super
981 733 1058 808 illis
1077 730 1333 804 deliberacione
1350 729 1525 828 prehabito
1545 735 1702 830 diligenti

318 832 380 906 sub
407 843 624 908 sacramento
659 845 781 908 nostre
821 833 1016 906 obedientie
1037 835 1336 929 pronunciauimus
1364 843 1399 904 et
1424 841 1702 928 pronunciamus,

317 931 504 1030 predictum
547 931 716 1006 dominum
754 944 909 1008 nostrum
946 937 1143 1030 episcopum
1172 931 1299 1006 debere
1325 933 1509 1006 restituere
1536 937 1611 1008 siue
1637 960 1701 1009 re-

317 1037 452 1130 mittere
492 1037 526 1105 in
563 1033 832 1107 Rotendorl
861 1032 980 1128 judieii
1005 1033 1138 1129 prelato
1167 1031 1369 1105 Conrado
1397 1037 1573 1129 preposito
1607 1039 1701 1130 juri-

319 1132 524 1224 dictionem,
563 1151 661 1230 quam
689 1139 742 1209 sui
769 1132 1039 1230 predecessores
1076 1131 1157 1204 inibi
1190 1132 1354 1208 hactenus
1390 1131 1602 1228 babuerunt,
1637 1139 1704 1234 ipsi

319 1229 458 1306 domino
487 1235 653 1330 episcopo
681 1233 723 1307 de
747 1233 952 1326 homicidiis,
976 1233 1167 1323 notnunlta,
1206 1233 1296 1305 lurto
1343 1243 1377 1306 ct
1413 1229 1593 1310 fluentibus
1617 1237 1703 1308 vul-

319 1331 472 1424 neribus,
494 1333 623 1426 judicio
649 1334 754 1429 plene
781 1334 890 1408 saluo.
943 1333 1102 1405 Attamen
1137 1331 1225 1404 idem
1252 1335 1447 1428 prepositus
1474 1337 1540 1430 ipsi
1566 1336 1703 1408 domino

317 1443 440 1506 nostro
480 1437 645 1529 episcopo
682 1431 784 1508 stabit
817 1432 860 1506 de
894 1431 1046 1528 predicta
1078 1432 1298 1526 juridictione
1331 1435 1400 1525 juri
1442 1456 1558 1510 coram
1589 1435 1702 1526 nobis,

318 1531 601 1628 quandocumque
626 1533 716 1608 idom
741 1532 896 1606 dominus
914 1535 1098 1628 episcopus
1115 1531 1260 1606 eundem
1279 1536 1490 1628 propositum
1517 1539 1705 1613 conuenire

321 1633 518 1706 decreuerit
557 1653 620 1729 pro
659 1632 790 1706 eadem
839 1633 925 1707 Item
961 1633 1246 1728 pronunciamus,
1288 1633 1447 1726 quodsi
1473 1636 1707 1728 pereundam

320 1732 495 1806 dominura
521 1737 719 1830 episcopum
747 1744 803 1806 aut
829 1753 926 1822 suos,
951 1729 1143 1808 bominibus
1166 1735 1200 1806 in
1226 1729 1408 1810 bonisiam
1434 1731 1515 1807 dicti
1538 1739 1706 1830 prepositi

321 1832 382 1906 vol
409 1836 483 1906 eius
512 1833 649 1928 capituli
674 1838 709 1908 in
747 1833 834 1906 villa
866 1829 1125 1906 betendorl
1159 1835 1234 1906 sitis
1273 1829 1523 1924 residentibus„
1562 1833 1705 1930 dampna

319 1932 432 2027 aliqua
459 1943 538 2007 sunt
563 1932 672 2024 illata,
698 1931 787 2006 idem
813 1930 970 2006 dominus
996 1934 1180 2028 episcopus
1197 1943 1331 2006 tenetur
1348 1932 1409 2006 illa
1434 1936 1499 2028 ipsi
1525 1939 1703 2030 preposito

319 2035 455 2106 eteius
482 2033 631 2129 capitulo
658 2043 864 2106 restaurare.
916 2029 1000 2106 Item
1027 2035 1326 2128 pronunciouimus
1360 2044 1395 2106 ot
1426 2037 1706 2128 pronunciamus,

318 2132 408 2228 qnod
443 2136 520 2230 ipse
554 2131 711 2208 dominus
747 2136 930 2228 episeopus
968 2153 1043 2204 cum
1071 2187 1078 2202 .
1109 2187 1117 2204 .
1166 2133 1312 2206 sculteto
1360 2132 1402 2207 de
1441 2133 1706 2210 Rotendorl

318 2243 353 2305 et
379 2232 540 2307 fratribus
579 2233 735 2309 eiusdem
783 2231 886 2304 debet
921 2243 956 2302 et
988 2242 1105 2326 potest
1131 2232 1315 2326 disponere
1341 2243 1376 2307 et
1401 2233 1575 2324 ordinare,
1594 2235 1704 2328 ouid-

317 2329 397 2427 quid
424 2353 498 2406 oum
515 2333 592 2405 aliis
608 2335 681 2406 suis
708 2334 855 2428 propriis
870 2330 1062 2405 bominibus
1084 2327 1549 2427 decreueritdisponenduru,
1574 2333 1703 2415 nullius

301 2431 361 2506 'ob
387 2429 453 2502 boc
478 2434 724 2526 querimoniam
748 2443 807 2504 ont
838 2433 1045 2527 peticionem
1084 2441 1344 2526 respecturos„
1364 2433 1513 2504 maxime
1554 2454 1629 2504 cum
1655 2487 1664 2506 .
1692 2487 1701 2506 .

317 2530 467 2606 manus
495 2540 530 2602 et
556 2531 736 2628 capitubrm
775 2534 810 2606 in
836 2532 993 2626 Houge
1027 2553 1047 2600 a
1082 2529 1202 2619 nobis,
1237 2533 1273 2604 si
1298 2527 1399 2607 iidem
1425 2530 1552 2604 iratres
1579 2553 1700 2614 eorum

317 2639 438 2706 essem
459 2633 609 2726 proprii,
652 2633 830 2726 requisiti,
869 2629 1005 2726 publice
1026 2627 1099 2702 boc
1133 2627 1332 2725 negabant,
1367 2631 1521 2726 predicto
1561 2629 1700 2709 domino

316 2733 483 2826 episcopo
516 2733 728 2806 constantius
769 2731 983 2818 allirrnante,
1024 2729 1090 2802 sibi
1129 2729 1271 2806 eosdem
1315 2729 1440 2806 iratres
1479 2736 1699 2828 proprietatis

315 2831 426 2928 tytulo
468 2834 626 2904 attinere.
673 2831 838 2904 Preterea
866 2833 1145 2926 pronunciamus,
1170 2829 1273 2924 qaod,
1314 2829 1471 2928 quidquid
1511 2835 1699 2914 occasione

316 2929 491 3006 comedam
525 2929 711 3022 bomieidii,
738 2985 784 3002 ..
836 2931 984 3004 sculteto
1026 2941 1062 3004 et
1094 2929 1255 3006 iratribus
1291 2929 1421 3006 eisdem
1455 2929 1601 3023 obiecti,
1641 2933 1702 3010 vel

315 3041 476 3126 protextu
501 3031 594 3104 illius
628 3031 788 3124 lesionis,
821 3052 884 3126 per
920 3029 1062 3104 eosdem
1089 3031 1294 3104 Conrado
1336 3029 1554 3124 Studigel
1592 3032 1700 3124 illato,

317 3129 449 3203 eisdem
475 3130 517 3204 ab
544 3133 621 3226 ipso
649 3127 786 3203 domino
815 3134 981 3228 episcopo
1010 3129 1069 3201 vel
1096 3153 1115 3202 a
1141 3133 1213 3204 suis
1238 3153 1328 3226 pene
1355 3141 1409 3204 est
1443 3129 1605 3203 indictum
1643 3145 1700 3206 aut

193 3309 196 3318 .
316 3228 451 3327 dampni
476 3231 621 3320 illatum,
648 3227 691 3302 de
716 3231 786 3303 illis
821 3229 1055 3304 conradus
1097 3233 1291 3328 prepositus
1329 3241 1364 3304 et
1400 3229 1582 3326 capitulum
1624 3235 1698 3307 eins

317 3329 501 3426 supradicti
527 3331 637 3402 eidem
665 3327 804 3404 domino
832 3334 996 3426 episcopo
1030 3329 1157 3402 nullam
1196 3352 1338 3404 mouere
1364 3327 1527 3428 deinceps
1555 3329 1700 3406 debeant

316 3433 542 3525 questionem.
593 3429 631 3504 ln
672 3453 814 3526 quorum
839 3433 1087 3527 premissorum
1113 3433 1342 3504 testimonium
1369 3441 1470 3525 atque
1496 3430 1700 3505 euidentiam

315 3530 506 3626 pleniorem
531 3529 599 3602 boc
624 3533 785 3626 scriptum
810 3533 921 3606 nostri
936 3539 971 3601 et
994 3531 1077 3602 noui
1096 3533 1294 3602 monasterii
1324 3529 1547 3626 capitulorum
1573 3533 1698 3625 sigillis

316 3630 471 3704 duximus
487 3627 712 3702 muniendum.
729 3631 852 3704 Actum
868 3641 902 3704 et
915 3628 1028 3703 datum
1041 3651 1130 3702 anno
1145 3627 1272 3703 domini
1280 3629 1338 3702 Mo·
1356 3627 1667 3718 00⁰·LXXXV110·
1685 3684 1697 3726 ,

315 3728 436 3804 XVll0·
473 3727 638 3804 kalendas
664 3727 755 3804 tulo.

525 3925 702 4009 Appendant
724 3925 783 3991 duo
805 3927 904 4014 sigilla
926 3929 1019 4002 laesa.
