<?xml version="1.0" encoding="UTF-8"?>
<!DOCTYPE html PUBLIC "-//W3C//DTD XHTML 1.0 Transitional//EN"
    "http://www.w3.org/TR/xhtml1/DTD/xhtml1-transitional.dtd">
<html xmlns="http://www.w3.org/1999/xhtml" xml:lang="en" lang="en">
 <head>
  <title>
</title>
<meta http-equiv="Content-Type" content="text/html;charset=utf-8" />
  <meta name='ocr-system' content='tesseract 3.04.00' />
  <meta name='ocr-capabilities' content='ocr_page ocr_carea ocr_par ocr_line ocrx_word'/>
</head>
<body>
  <div class='ocr_page' id='page_1' title='image "./monumentaboica00karagoog_0407.png"; bbox 0 0 3774 4728; ppageno 0'>
   <div class='ocr_carea' id='block_1_1' title="bbox 591 483 1560 595">
    <p class='ocr_par' dir='ltr' id='par_1_1' title="bbox 591 483 1560 595">
     <span class='ocr_line' id='line_1_1' title="bbox 591 483 1560 595; baseline 0.002 -25"><span class='ocrx_word' id='word_1_1' title='bbox 591 499 810 595; x_wconf 83' lang='lat' dir='ltr'><strong>episcopatus</strong></span> <span class='ocrx_word' id='word_1_2' title='bbox 836 497 1130 595; x_wconf 82' lang='lat' dir='ltr'><strong>wirziburgensis.</strong></span> <span class='ocrx_word' id='word_1_3' title='bbox 1415 545 1419 548; x_wconf 97' lang='lat'>-</span> <span class='ocrx_word' id='word_1_4' title='bbox 1447 504 1452 522; x_wconf 88' lang='lat'>&#39;</span> <span class='ocrx_word' id='word_1_5' title='bbox 1487 483 1560 572; x_wconf 81' lang='lat'><strong>395</strong></span> 
     </span>
    </p>
   </div>
   <div class='ocr_carea' id='block_1_2' title="bbox 174 695 1560 1094">
    <p class='ocr_par' dir='ltr' id='par_1_2' title="bbox 175 695 1560 798">
     <span class='ocr_line' id='line_1_2' title="bbox 175 695 1560 798; baseline 0.001 -28"><span class='ocrx_word' id='word_1_6' title='bbox 175 695 376 772; x_wconf 91' lang='lat' dir='ltr'><strong>brunnen</strong></span> <span class='ocrx_word' id='word_1_7' title='bbox 404 695 556 771; x_wconf 82' lang='lat' dir='ltr'>dedimus</span> <span class='ocrx_word' id='word_1_8' title='bbox 593 701 627 770; x_wconf 94' lang='lat' dir='ltr'><strong>in</strong></span> <span class='ocrx_word' id='word_1_9' title='bbox 656 703 908 792; x_wconf 68' lang='lat' dir='ltr'><strong>testimonium,</strong></span> <span class='ocrx_word' id='word_1_10' title='bbox 946 701 1071 796; x_wconf 81' lang='lat' dir='ltr'><strong>sigillis</strong></span> <span class='ocrx_word' id='word_1_11' title='bbox 1108 699 1250 798; x_wconf 76' lang='lat' dir='ltr'><strong>predicti</strong></span> <span class='ocrx_word' id='word_1_12' title='bbox 1288 698 1414 774; x_wconf 92' lang='lat' dir='ltr'><strong>domini</strong></span> <span class='ocrx_word' id='word_1_13' title='bbox 1449 703 1560 776; x_wconf 79' lang='lat' dir='ltr'><strong>nostri</strong></span> 
     </span>
    </p>

    <p class='ocr_par' dir='ltr' id='par_1_3' title="bbox 177 799 1560 897">
     <span class='ocr_line' id='line_1_3' title="bbox 177 799 1560 897; baseline 0.001 -25"><span class='ocrx_word' id='word_1_14' title='bbox 177 803 350 897; x_wconf 69' lang='lat' dir='ltr'><strong>episcopi,</strong></span> <span class='ocrx_word' id='word_1_15' title='bbox 386 799 522 896; x_wconf 87' lang='lat' dir='ltr'><strong>capituli</strong></span> <span class='ocrx_word' id='word_1_16' title='bbox 548 803 659 872; x_wconf 82' lang='lat' dir='ltr'><strong>nostri</strong></span> <span class='ocrx_word' id='word_1_17' title='bbox 693 811 728 872; x_wconf 91' lang='lat' dir='ltr'><strong>et</strong></span> <span class='ocrx_word' id='word_1_18' title='bbox 762 813 884 874; x_wconf 90' lang='lat' dir='ltr'><strong>nostro</strong></span> <span class='ocrx_word' id='word_1_19' title='bbox 912 801 1108 896; x_wconf 86' lang='lat' dir='ltr'><strong>diligentius</strong></span> <span class='ocrx_word' id='word_1_20' title='bbox 1136 803 1387 874; x_wconf 90' lang='lat' dir='ltr'><strong>communitam.</strong></span> <span class='ocrx_word' id='word_1_21' title='bbox 1439 803 1560 874; x_wconf 87' lang='lat' dir='ltr'><strong>Datum</strong></span> 
     </span>
    </p>

    <p class='ocr_par' dir='ltr' id='par_1_4' title="bbox 174 901 1560 1094">
     <span class='ocr_line' id='line_1_4' title="bbox 176 901 1560 998; baseline 0.001 -26"><span class='ocrx_word' id='word_1_22' title='bbox 176 911 209 972; x_wconf 90' lang='lat' dir='ltr'><strong>et</strong></span> <span class='ocrx_word' id='word_1_23' title='bbox 234 912 344 973; x_wconf 86' lang='lat' dir='ltr'><strong>actum</strong></span> <span class='ocrx_word' id='word_1_24' title='bbox 370 923 459 973; x_wconf 89' lang='lat' dir='ltr'><strong>anno</strong></span> <span class='ocrx_word' id='word_1_25' title='bbox 487 903 735 986; x_wconf 43' lang='lat' dir='ltr'><strong>incarnationis,</strong></span> <span class='ocrx_word' id='word_1_26' title='bbox 767 903 893 976; x_wconf 89' lang='lat' dir='ltr'><strong>domini</strong></span> <span class='ocrx_word' id='word_1_27' title='bbox 925 902 1112 994; x_wconf 70' lang='lat' dir='ltr'><strong>mooun,</strong></span> <span class='ocrx_word' id='word_1_28' title='bbox 1145 903 1237 976; x_wconf 88' lang='lat' dir='ltr'><strong>Xlll.</strong></span> <span class='ocrx_word' id='word_1_29' title='bbox 1271 901 1436 976; x_wconf 79' lang='lat' dir='ltr'><strong>kalendas</strong></span> <span class='ocrx_word' id='word_1_30' title='bbox 1464 901 1560 998; x_wconf 89' lang='lat' dir='ltr'><strong>Sep-</strong></span> 
     </span>
     <span class='ocr_line' id='line_1_5' title="bbox 174 999 1029 1094; baseline 0 -22"><span class='ocrx_word' id='word_1_31' title='bbox 174 999 328 1094; x_wconf 59' lang='lat' dir='ltr'><strong>tembris</strong></span> <span class='ocrx_word' id='word_1_32' title='bbox 353 1001 539 1074; x_wconf 79' lang='lat' dir='ltr'><strong>indictione</strong></span> <span class='ocrx_word' id='word_1_33' title='bbox 564 1003 680 1074; x_wconf 87' lang='lat' dir='ltr'><strong>tercia.</strong></span> <span class='ocrx_word' id='word_1_34' title='bbox 1025 1015 1029 1024; x_wconf 90' lang='grc'><strong>“</strong></span> 
     </span>
    </p>
   </div>
   <div class='ocr_carea' id='block_1_3' title="bbox 383 1147 1560 1342">
    <p class='ocr_par' dir='ltr' id='par_1_5' title="bbox 383 1147 1560 1342">
     <span class='ocr_line' id='line_1_6' title="bbox 383 1147 1560 1327; baseline 0.003 -92"><span class='ocrx_word' id='word_1_35' title='bbox 383 1173 563 1327; x_wconf 54' lang='lat' dir='ltr'><strong>trepunpenta</strong></span> <span class='ocrx_word' id='word_1_36' title='bbox 585 1173 752 1322; x_wconf 52' lang='lat' dir='ltr'><strong>¹sigillorum</strong></span> <span class='ocrx_word' id='word_1_37' title='bbox 767 1173 858 1258; x_wconf 86' lang='lat' dir='ltr'><strong>lrtngi</strong></span> <span class='ocrx_word' id='word_1_38' title='bbox 876 1181 1009 1258; x_wconf 83' lang='lat' dir='ltr'><strong>episcopt</strong></span> <span class='ocrx_word' id='word_1_39' title='bbox 1029 1147 1060 1237; x_wconf 86' lang='lat' dir='ltr'><strong>el</strong></span> <span class='ocrx_word' id='word_1_40' title='bbox 1073 1173 1206 1239; x_wconf 87' lang='lat' dir='ltr'><strong>Bertoldi</strong></span> <span class='ocrx_word' id='word_1_41' title='bbox 1222 1173 1391 1258; x_wconf 88' lang='lat' dir='ltr'><strong>appendent</strong></span> <span class='ocrx_word' id='word_1_42' title='bbox 1397 1193 1406 1252; x_wconf 89' lang='lat'>;</span> <span class='ocrx_word' id='word_1_43' title='bbox 1430 1173 1560 1259; x_wconf 86' lang='lat' dir='ltr'><strong>sigillum</strong></span> 
     </span>
     <span class='ocr_line' id='line_1_7' title="bbox 385 1277 645 1342; baseline 0 -20"><span class='ocrx_word' id='word_1_44' title='bbox 385 1277 440 1342; x_wconf 89' lang='lat' dir='ltr'><strong>cap</strong></span> <span class='ocrx_word' id='word_1_45' title='bbox 495 1279 506 1322; x_wconf 89' lang='lat' dir='ltr'><strong>t</strong></span> <span class='ocrx_word' id='word_1_46' title='bbox 528 1278 603 1341; x_wconf 89' lang='lat' dir='ltr'><strong>pern</strong></span> <span class='ocrx_word' id='word_1_47' title='bbox 618 1308 645 1322; x_wconf 94' lang='lat'><strong>..</strong></span> 
     </span>
    </p>
   </div>
   <div class='ocr_carea' id='block_1_4' title="bbox 615 1629 1127 1918">
    <p class='ocr_par' dir='ltr' id='par_1_6' title="bbox 615 1629 1127 1918">
     <span class='ocr_line' id='line_1_8' title="bbox 760 1629 981 1706; baseline 0.009 -4"><span class='ocrx_word' id='word_1_48' title='bbox 760 1629 981 1706; x_wconf 82' lang='lat' dir='ltr'><strong>GCCXLVll.</strong></span> 
     </span>
     <span class='ocr_line' id='line_1_9' title="bbox 615 1827 1127 1918; baseline 0.01 -20"><span class='ocrx_word' id='word_1_49' title='bbox 615 1831 705 1900; x_wconf 79' lang='lat' dir='ltr'><strong>Anno</strong></span> <span class='ocrx_word' id='word_1_50' title='bbox 731 1827 833 1916; x_wconf 67' lang='lat'>1260„</span> <span class='ocrx_word' id='word_1_51' title='bbox 856 1831 906 1898; x_wconf 88' lang='grc'><strong>23.</strong></span> <span class='ocrx_word' id='word_1_52' title='bbox 931 1833 1127 1918; x_wconf 82' lang='lat' dir='ltr'><strong>Septembris.</strong></span> 
     </span>
    </p>
   </div>
   <div class='ocr_carea' id='block_1_5' title="bbox 172 2011 1559 2324">
    <p class='ocr_par' dir='ltr' id='par_1_7' title="bbox 172 2011 1559 2324">
     <span class='ocr_line' id='line_1_10' title="bbox 172 2011 1559 2118; baseline 0.009 -32"><span class='ocrx_word' id='word_1_53' title='bbox 172 2011 306 2112; x_wconf 90' lang='lat' dir='ltr'><strong>lringus</strong></span> <span class='ocrx_word' id='word_1_54' title='bbox 330 2015 584 2114; x_wconf 83' lang='lat' dir='ltr'><strong>herbipolensis</strong></span> <span class='ocrx_word' id='word_1_55' title='bbox 611 2022 794 2116; x_wconf 87' lang='lat' dir='ltr'><strong>episcopus</strong></span> <span class='ocrx_word' id='word_1_56' title='bbox 829 2026 1151 2118; x_wconf 81' lang='lat' dir='ltr'><strong>oppignerationem</strong></span> <span class='ocrx_word' id='word_1_57' title='bbox 1189 2025 1358 2100; x_wconf 90' lang='lat' dir='ltr'><strong>bonorum</strong></span> <span class='ocrx_word' id='word_1_58' title='bbox 1398 2025 1432 2098; x_wconf 92' lang='lat' dir='ltr'><strong>in</strong></span> <span class='ocrx_word' id='word_1_59' title='bbox 1466 2027 1559 2098; x_wconf 88' lang='lat' dir='ltr'><strong>villis</strong></span> 
     </span>
     <span class='ocr_line' id='line_1_11' title="bbox 174 2116 1559 2221; baseline 0.009 -33"><span class='ocrx_word' id='word_1_60' title='bbox 174 2116 366 2208; x_wconf 78' lang='lat' dir='ltr'><strong>cremnon,</strong></span> <span class='ocrx_word' id='word_1_61' title='bbox 391 2117 568 2193; x_wconf 84' lang='lat' dir='ltr'><strong>Brahbacb</strong></span> <span class='ocrx_word' id='word_1_62' title='bbox 594 2130 629 2192; x_wconf 90' lang='lat' dir='ltr'><strong>et</strong></span> <span class='ocrx_word' id='word_1_63' title='bbox 663 2119 845 2196; x_wconf 89' lang='lat' dir='ltr'><strong>Secbestal</strong></span> <span class='ocrx_word' id='word_1_64' title='bbox 870 2146 890 2194; x_wconf 93' lang='lat' dir='ltr'><strong>a</strong></span> <span class='ocrx_word' id='word_1_65' title='bbox 915 2124 1147 2198; x_wconf 84' lang='lat' dir='ltr'><strong>wolframmo</strong></span> <span class='ocrx_word' id='word_1_66' title='bbox 1181 2126 1223 2198; x_wconf 91' lang='lat' dir='ltr'><strong>de</strong></span> <span class='ocrx_word' id='word_1_67' title='bbox 1250 2126 1390 2199; x_wconf 89' lang='lat' dir='ltr'><strong>Vrbeim</strong></span> <span class='ocrx_word' id='word_1_68' title='bbox 1427 2149 1559 2221; x_wconf 87' lang='lat' dir='ltr'><strong>genero</strong></span> 
     </span>
     <span class='ocr_line' id='line_1_12' title="bbox 414 2219 1315 2324; baseline 0.009 -32"><span class='ocrx_word' id='word_1_69' title='bbox 414 2242 478 2293; x_wconf 89' lang='lat' dir='ltr'><strong>sno</strong></span> <span class='ocrx_word' id='word_1_70' title='bbox 506 2219 676 2294; x_wconf 86' lang='lat' dir='ltr'><strong>Gerlacho</strong></span> <span class='ocrx_word' id='word_1_71' title='bbox 703 2219 746 2293; x_wconf 88' lang='lat' dir='ltr'><strong>de</strong></span> <span class='ocrx_word' id='word_1_72' title='bbox 773 2221 956 2296; x_wconf 83' lang='lat' dir='ltr'><strong>Tundeielt</strong></span> <span class='ocrx_word' id='word_1_73' title='bbox 980 2225 1116 2316; x_wconf 73' lang='lat' dir='ltr'><strong>iactam,</strong></span> <span class='ocrx_word' id='word_1_74' title='bbox 1144 2227 1315 2324; x_wconf 85' lang='lat' dir='ltr'><strong>approbat.</strong></span> 
     </span>
    </p>
   </div>
   <div class='ocr_carea' id='block_1_6' title="bbox 171 2363 1562 4078">
    <p class='ocr_par' dir='ltr' id='par_1_8' title="bbox 171 2363 1562 4078">
     <span class='ocr_line' id='line_1_13' title="bbox 176 2363 1560 2466; baseline 0.008 -31"><span class='ocrx_word' id='word_1_75' title='bbox 176 2420 179 2428; x_wconf 94' lang='lat'>.</span> <span class='ocrx_word' id='word_1_76' title='bbox 272 2363 297 2438; x_wconf 90' lang='lat' dir='ltr'><strong>l.</strong></span> <span class='ocrx_word' id='word_1_77' title='bbox 325 2365 379 2440; x_wconf 90' lang='lat' dir='ltr'><strong>dei</strong></span> <span class='ocrx_word' id='word_1_78' title='bbox 403 2373 515 2462; x_wconf 87' lang='lat' dir='ltr'><strong>gratia</strong></span> <span class='ocrx_word' id='word_1_79' title='bbox 540 2365 795 2461; x_wconf 86' lang='lat' dir='ltr'><strong>herbipolensis</strong></span> <span class='ocrx_word' id='word_1_80' title='bbox 823 2373 1018 2466; x_wconf 89' lang='lat' dir='ltr'><strong>episeopus.</strong></span> <span class='ocrx_word' id='word_1_81' title='bbox 1070 2371 1237 2444; x_wconf 88' lang='lat' dir='ltr'><strong>Nouerint</strong></span> <span class='ocrx_word' id='word_1_82' title='bbox 1271 2375 1426 2447; x_wconf 78' lang='lat' dir='ltr'><strong>uniuersi</strong></span> <span class='ocrx_word' id='word_1_83' title='bbox 1461 2373 1560 2446; x_wconf 89' lang='lat' dir='ltr'><strong>huius</strong></span> 
     </span>
     <span class='ocr_line' id='line_1_14' title="bbox 172 2465 1560 2564; baseline 0.004 -26"><span class='ocrx_word' id='word_1_84' title='bbox 172 2469 299 2562; x_wconf 77' lang='lat' dir='ltr'><strong>pagine</strong></span> <span class='ocrx_word' id='word_1_85' title='bbox 324 2470 565 2564; x_wconf 75' lang='lat' dir='ltr'><strong>inspectores,</strong></span> <span class='ocrx_word' id='word_1_86' title='bbox 600 2465 691 2562; x_wconf 89' lang='lat' dir='ltr'><strong>quod</strong></span> <span class='ocrx_word' id='word_1_87' title='bbox 727 2491 802 2540; x_wconf 87' lang='lat' dir='ltr'><strong>eum</strong></span> <span class='ocrx_word' id='word_1_88' title='bbox 829 2469 1106 2545; x_wconf 87' lang='lat' dir='ltr'><strong>Woliramue</strong></span> <span class='ocrx_word' id='word_1_89' title='bbox 1133 2473 1176 2546; x_wconf 88' lang='lat' dir='ltr'><strong>de</strong></span> <span class='ocrx_word' id='word_1_90' title='bbox 1202 2471 1385 2544; x_wconf 84' lang='lat' dir='ltr'><strong>Vrheim</strong></span> <span class='ocrx_word' id='word_1_91' title='bbox 1411 2472 1501 2547; x_wconf 88' lang='lat' dir='ltr'><strong>bona</strong></span> <span class='ocrx_word' id='word_1_92' title='bbox 1527 2477 1560 2544; x_wconf 91' lang='lat' dir='ltr'><strong>in</strong></span> 
     </span>
     <span class='ocr_line' id='line_1_15' title="bbox 173 2565 1561 2670; baseline 0.003 -30"><span class='ocrx_word' id='word_1_93' title='bbox 173 2566 267 2640; x_wconf 84' lang='lat' dir='ltr'><strong>villis</strong></span> <span class='ocrx_word' id='word_1_94' title='bbox 295 2565 552 2658; x_wconf 74' lang='lat' dir='ltr'><strong>Cremonen,</strong></span> <span class='ocrx_word' id='word_1_95' title='bbox 578 2566 810 2640; x_wconf 82' lang='lat' dir='ltr'><strong>Brahbach</strong></span> <span class='ocrx_word' id='word_1_96' title='bbox 836 2581 870 2642; x_wconf 88' lang='lat' dir='ltr'><strong>et</strong></span> <span class='ocrx_word' id='word_1_97' title='bbox 898 2570 1163 2664; x_wconf 78' lang='lat' dir='ltr'><strong>Sechestal,</strong></span> <span class='ocrx_word' id='word_1_98' title='bbox 1203 2595 1267 2670; x_wconf 86' lang='lat' dir='ltr'><strong>que</strong></span> <span class='ocrx_word' id='word_1_99' title='bbox 1302 2571 1344 2643; x_wconf 91' lang='lat' dir='ltr'><strong>ad</strong></span> <span class='ocrx_word' id='word_1_100' title='bbox 1365 2575 1561 2666; x_wconf 88' lang='lat' dir='ltr'><strong>jussionem</strong></span> 
     </span>
     <span class='ocr_line' id='line_1_16' title="bbox 173 2666 1559 2773; baseline 0.004 -35"><span class='ocrx_word' id='word_1_101' title='bbox 173 2677 326 2742; x_wconf 87' lang='lat' dir='ltr'><strong>nostram</strong></span> <span class='ocrx_word' id='word_1_102' title='bbox 352 2667 500 2742; x_wconf 86' lang='lat' dir='ltr'><strong>absoluit</strong></span> <span class='ocrx_word' id='word_1_103' title='bbox 538 2691 557 2740; x_wconf 90' lang='lat' dir='ltr'><strong>a</strong></span> <span class='ocrx_word' id='word_1_104' title='bbox 592 2666 874 2764; x_wconf 80' lang='lat' dir='ltr'><strong>&#39;l&#39;hegencne</strong></span> <span class='ocrx_word' id='word_1_105' title='bbox 908 2669 950 2742; x_wconf 92' lang='lat' dir='ltr'><strong>de</strong></span> <span class='ocrx_word' id='word_1_106' title='bbox 987 2671 1284 2746; x_wconf 84' lang='lat' dir='ltr'><strong>hihtenstein</strong></span> <span class='ocrx_word' id='word_1_107' title='bbox 1323 2695 1386 2773; x_wconf 91' lang='lat' dir='ltr'><strong>pro</strong></span> <span class='ocrx_word' id='word_1_108' title='bbox 1426 2683 1559 2745; x_wconf 90' lang='lat' dir='ltr'><strong>centum</strong></span> 
     </span>
     <span class='ocr_line' id='line_1_17' title="bbox 172 2765 1559 2869; baseline 0.005 -30"><span class='ocrx_word' id='word_1_109' title='bbox 172 2765 271 2844; x_wconf 89' lang='lat' dir='ltr'><strong>libris</strong></span> <span class='ocrx_word' id='word_1_110' title='bbox 296 2767 521 2860; x_wconf 75' lang='lat' dir='ltr'><strong>hallensium,</strong></span> <span class='ocrx_word' id='word_1_111' title='bbox 557 2767 749 2864; x_wconf 85' lang='lat' dir='ltr'><strong>obligasset</strong></span> <span class='ocrx_word' id='word_1_112' title='bbox 775 2770 1005 2846; x_wconf 86' lang='lat' dir='ltr'><strong>Gerlacho</strong></span> <span class='ocrx_word' id='word_1_113' title='bbox 1033 2771 1386 2866; x_wconf 83' lang='lat' dir='ltr'><strong>deTundeuelt,</strong></span> <span class='ocrx_word' id='word_1_114' title='bbox 1427 2796 1559 2869; x_wconf 87' lang='lat' dir='ltr'><strong>genero</strong></span> 
     </span>
     <span class='ocr_line' id='line_1_18' title="bbox 173 2867 1558 2970; baseline 0.001 -25"><span class='ocrx_word' id='word_1_115' title='bbox 173 2891 252 2962; x_wconf 81' lang='lat' dir='ltr'><strong>suo,</strong></span> <span class='ocrx_word' id='word_1_116' title='bbox 277 2891 342 2966; x_wconf 92' lang='lat' dir='ltr'><strong>pro</strong></span> <span class='ocrx_word' id='word_1_117' title='bbox 369 2867 500 2958; x_wconf 89' lang='lat' dir='ltr'><strong>eisdem</strong></span> <span class='ocrx_word' id='word_1_118' title='bbox 528 2881 663 2947; x_wconf 88' lang='lat' dir='ltr'><strong>centum</strong></span> <span class='ocrx_word' id='word_1_119' title='bbox 690 2869 786 2946; x_wconf 89' lang='lat' dir='ltr'><strong>libris</strong></span> <span class='ocrx_word' id='word_1_120' title='bbox 812 2871 1029 2963; x_wconf 76' lang='lat' dir='ltr'><strong>hallensium,</strong></span> <span class='ocrx_word' id='word_1_121' title='bbox 1056 2897 1122 2948; x_wconf 90' lang='lat' dir='ltr'><strong>nos</strong></span> <span class='ocrx_word' id='word_1_122' title='bbox 1148 2874 1194 2950; x_wconf 91' lang='lat' dir='ltr'><strong>ob</strong></span> <span class='ocrx_word' id='word_1_123' title='bbox 1213 2877 1389 2970; x_wconf 83' lang='lat' dir='ltr'><strong>utriusque</strong></span> <span class='ocrx_word' id='word_1_124' title='bbox 1402 2873 1558 2950; x_wconf 82' lang='lat' dir='ltr'><strong>fauorem</strong></span> 
     </span>
     <span class='ocr_line' id='line_1_19' title="bbox 173 2969 1561 3074; baseline 0.003 -32"><span class='ocrx_word' id='word_1_125' title='bbox 173 2969 427 3064; x_wconf 86' lang='lat' dir='ltr'><strong>obligaeionem</strong></span> <span class='ocrx_word' id='word_1_126' title='bbox 453 2970 597 3044; x_wconf 91' lang='lat' dir='ltr'><strong>eandem</strong></span> <span class='ocrx_word' id='word_1_127' title='bbox 621 2981 728 3044; x_wconf 89' lang='lat' dir='ltr'><strong>ratam</strong></span> <span class='ocrx_word' id='word_1_128' title='bbox 755 2971 918 3046; x_wconf 84' lang='lat' dir='ltr'><strong>hahemus</strong></span> <span class='ocrx_word' id='word_1_129' title='bbox 959 2985 993 3046; x_wconf 90' lang='lat' dir='ltr'><strong>et</strong></span> <span class='ocrx_word' id='word_1_130' title='bbox 1016 2973 1235 3074; x_wconf 86' lang='lat' dir='ltr'><strong>presentibus</strong></span> <span class='ocrx_word' id='word_1_131' title='bbox 1262 2974 1488 3072; x_wconf 87' lang='lat' dir='ltr'><strong>approbamus</strong></span> <span class='ocrx_word' id='word_1_132' title='bbox 1526 2985 1561 3046; x_wconf 88' lang='lat' dir='ltr'><strong>et</strong></span> 
     </span>
     <span class='ocr_line' id='line_1_20' title="bbox 171 3073 1560 3170; baseline 0.001 -26"><span class='ocrx_word' id='word_1_133' title='bbox 171 3093 235 3170; x_wconf 88' lang='lat' dir='ltr'><strong>per</strong></span> <span class='ocrx_word' id='word_1_134' title='bbox 260 3093 380 3145; x_wconf 86' lang='lat' dir='ltr'><strong>munus</strong></span> <span class='ocrx_word' id='word_1_135' title='bbox 406 3082 545 3149; x_wconf 85' lang='lat' dir='ltr'><strong>nostres</strong></span> <span class='ocrx_word' id='word_1_136' title='bbox 571 3076 645 3169; x_wconf 88' lang='lat' dir='ltr'><strong>ipsa</strong></span> <span class='ocrx_word' id='word_1_137' title='bbox 672 3073 760 3144; x_wconf 88' lang='lat' dir='ltr'><strong>hona</strong></span> <span class='ocrx_word' id='word_1_138' title='bbox 786 3077 1005 3168; x_wconf 81' lang='lat' dir='ltr'><strong>porreximus</strong></span> <span class='ocrx_word' id='word_1_139' title='bbox 1041 3073 1132 3148; x_wconf 82' lang='lat' dir='ltr'><strong>dicto</strong></span> <span class='ocrx_word' id='word_1_140' title='bbox 1159 3075 1386 3148; x_wconf 84' lang='lat' dir='ltr'><strong>Gerlacho</strong></span> <span class='ocrx_word' id='word_1_141' title='bbox 1421 3078 1560 3148; x_wconf 88' lang='lat' dir='ltr'><strong>nomine</strong></span> 
     </span>
     <span class='ocr_line' id='line_1_21' title="bbox 172 3171 1561 3274; baseline 0.002 -31"><span class='ocrx_word' id='word_1_142' title='bbox 172 3175 329 3269; x_wconf 86' lang='lat' dir='ltr'><strong>pignoris</strong></span> <span class='ocrx_word' id='word_1_143' title='bbox 356 3171 577 3268; x_wconf 68' lang='lat' dir='ltr'><strong>possidendm</strong></span> <span class='ocrx_word' id='word_1_144' title='bbox 602 3171 670 3245; x_wconf 88' lang='lat' dir='ltr'><strong>hoc</strong></span> <span class='ocrx_word' id='word_1_145' title='bbox 696 3177 867 3269; x_wconf 71' lang='lat' dir='ltr'><strong>apposito,</strong></span> <span class='ocrx_word' id='word_1_146' title='bbox 894 3173 984 3270; x_wconf 82' lang='lat' dir='ltr'><strong>quod</strong></span> <span class='ocrx_word' id='word_1_147' title='bbox 1010 3175 1113 3248; x_wconf 91' lang='lat' dir='ltr'><strong>nichil</strong></span> <span class='ocrx_word' id='word_1_148' title='bbox 1129 3177 1205 3274; x_wconf 90' lang='lat' dir='ltr'><strong>plus</strong></span> <span class='ocrx_word' id='word_1_149' title='bbox 1233 3175 1273 3248; x_wconf 91' lang='lat' dir='ltr'><strong>ab</strong></span> <span class='ocrx_word' id='word_1_150' title='bbox 1295 3176 1372 3248; x_wconf 91' lang='lat' dir='ltr'><strong>inde</strong></span> <span class='ocrx_word' id='word_1_151' title='bbox 1395 3178 1561 3273; x_wconf 83' lang='lat' dir='ltr'><strong>pereipiat</strong></span> 
     </span>
     <span class='ocr_line' id='line_1_22' title="bbox 174 3271 1560 3372; baseline 0.001 -26"><span class='ocrx_word' id='word_1_152' title='bbox 174 3271 465 3366; x_wconf 62' lang='lat' dir='ltr'><strong>constringatis,</strong></span> <span class='ocrx_word' id='word_1_153' title='bbox 498 3295 596 3368; x_wconf 81' lang='lat' dir='ltr'><strong>quam</strong></span> <span class='ocrx_word' id='word_1_154' title='bbox 633 3277 754 3370; x_wconf 89' lang='lat' dir='ltr'><strong>viginti</strong></span> <span class='ocrx_word' id='word_1_155' title='bbox 791 3285 862 3348; x_wconf 90' lang='lat' dir='ltr'><strong>tres</strong></span> <span class='ocrx_word' id='word_1_156' title='bbox 888 3273 995 3348; x_wconf 88' lang='lat' dir='ltr'><strong>libras</strong></span> <span class='ocrx_word' id='word_1_157' title='bbox 1022 3273 1225 3350; x_wconf 81' lang='lat' dir='ltr'><strong>hallensium</strong></span> <span class='ocrx_word' id='word_1_158' title='bbox 1253 3287 1286 3348; x_wconf 89' lang='lat' dir='ltr'><strong>et</strong></span> <span class='ocrx_word' id='word_1_159' title='bbox 1313 3299 1379 3368; x_wconf 81' lang='lat' dir='ltr'><strong>ea,</strong></span> <span class='ocrx_word' id='word_1_160' title='bbox 1416 3297 1481 3372; x_wconf 90' lang='lat' dir='ltr'><strong>que</strong></span> <span class='ocrx_word' id='word_1_161' title='bbox 1518 3275 1560 3348; x_wconf 83' lang='lat' dir='ltr'><strong>ab</strong></span> 
     </span>
     <span class='ocr_line' id='line_1_23' title="bbox 175 3371 1562 3470; baseline 0.001 -23"><span class='ocrx_word' id='word_1_162' title='bbox 175 3373 253 3447; x_wconf 90' lang='lat' dir='ltr'><strong>inde</strong></span> <span class='ocrx_word' id='word_1_163' title='bbox 279 3371 398 3446; x_wconf 90' lang='lat' dir='ltr'><strong>dantur</strong></span> <span class='ocrx_word' id='word_1_164' title='bbox 424 3371 466 3445; x_wconf 93' lang='lat' dir='ltr'><strong>ad</strong></span> <span class='ocrx_word' id='word_1_165' title='bbox 492 3377 729 3470; x_wconf 85' lang='lat' dir='ltr'><strong>wisungen</strong></span> <span class='ocrx_word' id='word_1_166' title='bbox 755 3383 789 3446; x_wconf 87' lang='lat' dir='ltr'><strong>et</strong></span> <span class='ocrx_word' id='word_1_167' title='bbox 814 3386 975 3466; x_wconf 83' lang='lat' dir='ltr'><strong>vecturas</strong></span> <span class='ocrx_word' id='word_1_168' title='bbox 999 3399 1070 3450; x_wconf 91' lang='lat' dir='ltr'><strong>non</strong></span> <span class='ocrx_word' id='word_1_169' title='bbox 1097 3375 1363 3467; x_wconf 72' lang='lat' dir='ltr'><strong>immoderatas,</strong></span> <span class='ocrx_word' id='word_1_170' title='bbox 1389 3375 1488 3450; x_wconf 92' lang='lat' dir='ltr'><strong>nobis</strong></span> <span class='ocrx_word' id='word_1_171' title='bbox 1527 3387 1562 3449; x_wconf 92' lang='lat' dir='ltr'><strong>et</strong></span> 
     </span>
     <span class='ocr_line' id='line_1_24' title="bbox 173 3471 1558 3572; baseline 0 -22"><span class='ocrx_word' id='word_1_172' title='bbox 173 3471 437 3550; x_wconf 90' lang='lat' dir='ltr'><strong>successoribus</strong></span> <span class='ocrx_word' id='word_1_173' title='bbox 464 3477 593 3550; x_wconf 89' lang='lat' dir='ltr'><strong>uostris</strong></span> <span class='ocrx_word' id='word_1_174' title='bbox 621 3486 842 3550; x_wconf 87' lang='lat' dir='ltr'><strong>reseruautes</strong></span> <span class='ocrx_word' id='word_1_175' title='bbox 869 3475 959 3550; x_wconf 91' lang='lat' dir='ltr'><strong>bona</strong></span> <span class='ocrx_word' id='word_1_176' title='bbox 986 3475 1106 3550; x_wconf 89' lang='lat' dir='ltr'><strong>eadem</strong></span> <span class='ocrx_word' id='word_1_177' title='bbox 1135 3475 1352 3568; x_wconf 71' lang='lat' dir='ltr'><strong>absoluendi,</strong></span> <span class='ocrx_word' id='word_1_178' title='bbox 1377 3499 1453 3550; x_wconf 90' lang='lat' dir='ltr'><strong>cum</strong></span> <span class='ocrx_word' id='word_1_179' title='bbox 1469 3498 1558 3572; x_wconf 86' lang='lat' dir='ltr'><strong>pce-</strong></span> 
     </span>
     <span class='ocr_line' id='line_1_25' title="bbox 174 3573 1559 3673; baseline -0.002 -23"><span class='ocrx_word' id='word_1_180' title='bbox 174 3574 318 3650; x_wconf 86' lang='lat' dir='ltr'><strong>eibilitas</strong></span> <span class='ocrx_word' id='word_1_181' title='bbox 334 3573 451 3665; x_wconf 72' lang='lat' dir='ltr'><strong>fuerit,</strong></span> <span class='ocrx_word' id='word_1_182' title='bbox 476 3585 693 3671; x_wconf 88' lang='lat' dir='ltr'><strong>potestatem.</strong></span> <span class='ocrx_word' id='word_1_183' title='bbox 721 3575 796 3647; x_wconf 90' lang='lat' dir='ltr'><strong>lliis</strong></span> <span class='ocrx_word' id='word_1_184' title='bbox 812 3577 1053 3648; x_wconf 78' lang='lat' dir='ltr'><strong>interfuerunt:</strong></span> <span class='ocrx_word' id='word_1_185' title='bbox 1081 3577 1126 3650; x_wconf 89' lang='grc' dir='ltr'><strong>Μ.</strong></span> <span class='ocrx_word' id='word_1_186' title='bbox 1142 3577 1320 3673; x_wconf 84' lang='lat' dir='ltr'><strong>Orphanus</strong></span> <span class='ocrx_word' id='word_1_187' title='bbox 1335 3579 1559 3666; x_wconf 72' lang='lat' dir='ltr'><strong>camerarius,</strong></span> 
     </span>
     <span class='ocr_line' id='line_1_26' title="bbox 173 3674 1559 3772; baseline -0.001 -24"><span class='ocrx_word' id='word_1_188' title='bbox 173 3675 386 3749; x_wconf 86' lang='lat' dir='ltr'><strong>Wolielinus</strong></span> <span class='ocrx_word' id='word_1_189' title='bbox 414 3675 459 3745; x_wconf 88' lang='lat' dir='ltr'><strong>de</strong></span> <span class='ocrx_word' id='word_1_190' title='bbox 484 3674 695 3765; x_wconf 71' lang='lat' dir='ltr'><strong>(hanbach,</strong></span> <span class='ocrx_word' id='word_1_191' title='bbox 721 3675 899 3770; x_wconf 88' lang='lat' dir='ltr'><strong>Wipertus</strong></span> <span class='ocrx_word' id='word_1_192' title='bbox 926 3676 1170 3767; x_wconf 67' lang='lat' dir='ltr'><strong>Wolleslreln,</strong></span> <span class='ocrx_word' id='word_1_193' title='bbox 1196 3677 1338 3750; x_wconf 84' lang='lat' dir='ltr'><strong>Gebeno</strong></span> <span class='ocrx_word' id='word_1_194' title='bbox 1365 3677 1408 3750; x_wconf 92' lang='lat' dir='ltr'><strong>de</strong></span> <span class='ocrx_word' id='word_1_195' title='bbox 1433 3677 1559 3772; x_wconf 86' lang='lat' dir='ltr'><strong>Roge-</strong></span> 
     </span>
     <span class='ocr_line' id='line_1_27' title="bbox 173 3773 1560 3872; baseline 0.001 -26"><span class='ocrx_word' id='word_1_196' title='bbox 173 3775 275 3868; x_wconf 82' lang='lat' dir='ltr'><strong>heim‚</strong></span> <span class='ocrx_word' id='word_1_197' title='bbox 300 3773 504 3848; x_wconf 87' lang='lat' dir='ltr'><strong>llartmudus</strong></span> <span class='ocrx_word' id='word_1_198' title='bbox 531 3773 573 3846; x_wconf 89' lang='lat' dir='ltr'><strong>de</strong></span> <span class='ocrx_word' id='word_1_199' title='bbox 601 3774 852 3866; x_wconf 70' lang='lat' dir='ltr'><strong>Scherenberm</strong></span> <span class='ocrx_word' id='word_1_200' title='bbox 876 3777 1068 3850; x_wconf 87' lang='lat' dir='ltr'><strong>lllltebrant</strong></span> <span class='ocrx_word' id='word_1_201' title='bbox 1093 3777 1135 3850; x_wconf 90' lang='lat' dir='ltr'><strong>de</strong></span> <span class='ocrx_word' id='word_1_202' title='bbox 1162 3778 1293 3868; x_wconf 71' lang='lat' dir='ltr'><strong>Sicine,</strong></span> <span class='ocrx_word' id='word_1_203' title='bbox 1319 3789 1354 3850; x_wconf 90' lang='lat' dir='ltr'><strong>et</strong></span> <span class='ocrx_word' id='word_1_204' title='bbox 1380 3778 1438 3849; x_wconf 88' lang='lat' dir='ltr'><strong>alii</strong></span> <span class='ocrx_word' id='word_1_205' title='bbox 1460 3799 1560 3872; x_wconf 90' lang='lat' dir='ltr'><strong>quam</strong></span> 
     </span>
     <span class='ocr_line' id='line_1_28' title="bbox 174 3873 1559 3974; baseline 0.001 -26"><span class='ocrx_word' id='word_1_206' title='bbox 174 3877 302 3974; x_wconf 87' lang='lat' dir='ltr'><strong>plures.</strong></span> <span class='ocrx_word' id='word_1_207' title='bbox 355 3877 480 3948; x_wconf 88' lang='lat' dir='ltr'><strong>Actum</strong></span> <span class='ocrx_word' id='word_1_208' title='bbox 507 3879 594 3948; x_wconf 89' lang='lat' dir='ltr'><strong>inter</strong></span> <span class='ocrx_word' id='word_1_209' title='bbox 620 3873 827 3948; x_wconf 89' lang='lat' dir='ltr'><strong>Wunfarthe</strong></span> <span class='ocrx_word' id='word_1_210' title='bbox 854 3889 889 3950; x_wconf 90' lang='lat' dir='ltr'><strong>et</strong></span> <span class='ocrx_word' id='word_1_211' title='bbox 900 3877 1070 3952; x_wconf 89' lang='lat' dir='ltr'><strong>Steinuelt</strong></span> <span class='ocrx_word' id='word_1_212' title='bbox 1086 3901 1175 3951; x_wconf 89' lang='lat' dir='ltr'><strong>anno</strong></span> <span class='ocrx_word' id='word_1_213' title='bbox 1192 3877 1318 3950; x_wconf 91' lang='lat' dir='ltr'><strong>domini</strong></span> <span class='ocrx_word' id='word_1_214' title='bbox 1331 3877 1376 3951; x_wconf 90' lang='grc' dir='ltr'><strong>Μ.</strong></span> <span class='ocrx_word' id='word_1_215' title='bbox 1391 3873 1458 3952; x_wconf 80' lang='lat' dir='ltr'><strong>OC.</strong></span> <span class='ocrx_word' id='word_1_216' title='bbox 1475 3875 1559 3966; x_wconf 64' lang='lat' dir='ltr'><strong>LX„</strong></span> 
     </span>
     <span class='ocr_line' id='line_1_29' title="bbox 173 3973 1558 4078; baseline -0.001 -26"><span class='ocrx_word' id='word_1_217' title='bbox 173 3974 275 4052; x_wconf 86' lang='lat' dir='ltr'><strong>Vllll.</strong></span> <span class='ocrx_word' id='word_1_218' title='bbox 301 3974 465 4049; x_wconf 80' lang='lat' dir='ltr'><strong>kalendas</strong></span> <span class='ocrx_word' id='word_1_219' title='bbox 492 3973 665 4068; x_wconf 84' lang='lat' dir='ltr'><strong>Octobris,</strong></span> <span class='ocrx_word' id='word_1_220' title='bbox 691 3973 876 4052; x_wconf 87' lang='lat' dir='ltr'><strong>indictione</strong></span> <span class='ocrx_word' id='word_1_221' title='bbox 901 3976 971 4070; x_wconf 77' lang='lat' dir='ltr'><strong>tlt,</strong></span> <span class='ocrx_word' id='word_1_222' title='bbox 996 3975 1212 4078; x_wconf 88' lang='lat' dir='ltr'><strong>pontificatus</strong></span> <span class='ocrx_word' id='word_1_223' title='bbox 1238 3983 1349 4054; x_wconf 88' lang='lat' dir='ltr'><strong>nostri</strong></span> <span class='ocrx_word' id='word_1_224' title='bbox 1374 3973 1558 4066; x_wconf 30' lang='lat' dir='ltr'><strong>anno‘Vll.</strong></span> 
     </span>
    </p>
   </div>
   <div class='ocr_carea' id='block_1_7' title="bbox 383 4141 1098 4234">
    <p class='ocr_par' dir='ltr' id='par_1_9' title="bbox 383 4141 1098 4234">
     <span class='ocr_line' id='line_1_30' title="bbox 383 4141 1098 4234; baseline 0.006 -24"><span class='ocrx_word' id='word_1_225' title='bbox 383 4145 593 4234; x_wconf 83' lang='lat' dir='ltr'><strong>Fragmentum</strong></span> <span class='ocrx_word' id='word_1_226' title='bbox 616 4147 706 4232; x_wconf 85' lang='lat' dir='ltr'><strong>sigilli</strong></span> <span class='ocrx_word' id='word_1_227' title='bbox 729 4156 877 4232; x_wconf 90' lang='lat' dir='ltr'><strong>superest.</strong></span> <span class='ocrx_word' id='word_1_228' title='bbox 1028 4166 1031 4174; x_wconf 75' lang='grc'><strong>’</strong></span> <span class='ocrx_word' id='word_1_229' title='bbox 1094 4141 1098 4156; x_wconf 89' lang='grc'><strong>’</strong></span> 
     </span>
    </p>
   </div>
   <div class='ocr_carea' id='block_1_8' title="bbox 1036 4229 1227 4308">
    <p class='ocr_par' dir='ltr' id='par_1_10' title="bbox 1036 4229 1227 4308">
     <span class='ocr_line' id='line_1_31' title="bbox 1036 4229 1227 4308; baseline 0.005 -68"><span class='ocrx_word' id='word_1_230' title='bbox 1036 4229 1227 4308; x_wconf 56' lang='lat' dir='ltr'><strong>,W</strong></span> 
     </span>
    </p>
   </div>
   <div class='ocr_carea' id='block_1_9' title="bbox 0 0 1892 4728">
    <p class='ocr_par' dir='ltr' id='par_1_11' title="bbox 0 0 1892 4728">
     <span class='ocr_line' id='line_1_32' title="bbox 0 0 1892 4728; baseline 0 0"><span class='ocrx_word' id='word_1_231' title='bbox 0 0 1892 4728; x_wconf 95' lang='lat' dir='ltr'><strong> </strong></span> 
     </span>
    </p>
   </div>
  </div>
 </body>
</html>
