3776 4730
241 511 246 514 -
308 407 406 488 ccl
909 410 1128 492 Monumenta

331 611 515 690 mobilibus
542 620 577 687 et
602 610 819 688 inmobilibus
844 636 908 714 pro
933 613 1088 691 remedio
1116 614 1228 688 anima
1252 630 1331 686 mea
1347 606 1544 684 facultatem
1567 601 1716 680 habeant

308 715 519 814 plenariam
554 713 742 791 ordinandi.
799 717 948 790 Domino
989 715 1154 812 gordiano
1190 714 1332 788 fratrum
1365 713 1534 783 minorum
1570 717 1606 780 et
1644 709 1715 779 suis

330 813 490 889 fratribus
517 813 560 888 de
587 837 675 889 anno
702 819 821 912 gracie
845 816 1053 914 prebendam
1077 839 1189 888 meam
1215 815 1386 888 constituo
1413 832 1489 882 oum
1515 809 1606 881 omni
1621 809 1716 878 inte-

330 919 456 1011 gritate
480 915 755 1012 percipiendam,
781 927 818 989 ut
842 915 1034 1014 pra[benda
1061 915 1165 1012 dicta]
1199 911 1391 988 cottidianis
1429 908 1548 986 usibus
1584 907 1716 979 rellacti

330 1013 546 1090 cottidianam
573 1021 772 1090 oracionvm
799 1040 936 1091 suarum
971 1017 1052 1090 mihi
1087 1018 1238 1112 graciam
1264 1015 1521 1086 amministrant.
1572 1009 1627 1081 De
1652 1005 1716 1078 Vll

329 1115 504 1211 iugeribus
530 1116 619 1212 apud
642 1115 915 1209 Durrebach,
940 1141 1006 1214 que
1031 1141 1108 1190 mea
1133 1119 1276 1214 pecunia
1297 1113 1504 1210 comparaui,
1532 1111 1715 1196 constituo,

328 1227 367 1288 ut
390 1215 579 1290 uendantur
605 1226 640 1290 et
665 1217 707 1290 de
733 1217 854 1290 eadem
887 1221 1030 1314 pecunia
1069 1217 1172 1312 aliqui
1210 1214 1361 1288 redditus
1401 1219 1648 1310 conparentur,
1686 1209 1717 1282 si

328 1326 445 1414 potest
453 1315 541 1407 lieri,
556 1327 592 1389 ut
604 1315 734 1392 duobus
743 1321 915 1412 magistris
932 1318 1180 1402 ecclesiasticis
1191 1315 1256 1390 duo
1271 1313 1374 1388 modii
1386 1313 1534 1408 siliginis
1547 1321 1582 1383 et
1597 1330 1718 1381 aarum

329 1415 462 1492 dnobus
489 1420 601 1492 seruis
628 1440 714 1492 unus
741 1417 874 1492 modius
902 1421 999 1492 annis
1027 1419 1172 1512 singulis
1200 1419 1410 1511 asiguantur.
1444 1413 1498 1486 De
1525 1411 1601 1484 aliis
1628 1431 1714 1482 uero

328 1515 430 1590 bonis
456 1517 794 1608 incurrebant,
819 1541 929 1614 quea
955 1517 1093 1592 domino
1119 1540 1198 1590 meo
1224 1512 1521 1611 Har[manno]
1549 1509 1717 1607 quondam

328 1615 563 1714 herbipolensi
589 1621 754 1715 episcopo
781 1617 956 1714 bucusque
981 1618 1135 1714 possedi,
1161 1614 1316 1690 llelll⁰r
1341 1613 1430 1688 libre
1464 1635 1546 1685 cere
1572 1633 1655 1707 pure
1680 1613 1718 1684 iu

304 1717 451 1816 ‚vigilia
476 1717 586 1792 Pasce
613 1741 750 1792 camere
776 1722 884 1794 sancti
909 1719 1033 1792 lliliani
1059 1719 1102 1791 ad
1123 1715 1487 1792 eleuationemhostea
1503 1716 1717 1810 pertinentes

301 1820 428 1902 ‚aunis
462 1816 608 1911 singulis
647 1829 899 1915 presentantur.
949 1821 1003 1894 De
1042 1819 1196 1912 ducentis
1233 1839 1321 1892 voro
1361 1815 1458 1888 libris
1498 1813 1717 1903 ballensium,

330 1941 414 2014 quas
440 1917 597 1992 dominus
624 1941 721 1992 meus
745 1919 842 1994 Rer.
869 1917 1120 2016 herbipolensis
1148 1921 1331 2016 episcopus
1358 1915 1438 1990 mibi
1450 1917 1607 2010 promisit
1633 1911 1715 1986 sol-

328 2041 414 2092 uere
440 2017 530 2092 bona
555 2016 634 2110 fide,
659 2022 741 2092 itam
767 2019 810 2091 da
836 2023 928 2092 ouria
955 2043 1043 2112 mea,
1070 2043 1169 2115 quern
1194 2017 1381 2116 possideo,
1414 2019 1496 2088 item
1530 2011 1572 2086 de
1607 2011 1713 2085 obla-

330 2121 431 2191 cione
457 2141 532 2191 mea
558 2120 593 2190 in
618 2117 907 2194 Graneudorl
930 2131 965 2192 et
991 2120 1032 2194 de
1058 2121 1157 2194 bonis
1184 2115 1445 2194 Durrebach
1467 2115 1717 2192 seluocanona

328 2216 489 2292 XXllll⁰r
513 2217 674 2291 librarum
701 2243 782 2292 aare
809 2231 844 2292 et
869 2219 911 2292 da
938 2221 1014 2293 aliis
1042 2219 1156 2312 bonis,
1182 2243 1247 2316 que
1264 2217 1430 2292 damorte
1446 2215 1583 2289 domina
1605 2211 1716 2287 Gdta

328 2323 494 2412 magistre
521 2323 667 2414 coquina
708 2318 751 2392 ad
786 2343 842 2392 me
882 2331 960 2394 sunt
986 2320 1160 2412 deuolute,
1196 2320 1286 2402 idem
1323 2317 1620 2390 fidecommissarii
1645 2317 1715 2388 mai

328 2423 473 2520 pignora
499 2419 652 2493 ecclesie
687 2443 751 2517 par
782 2443 839 2492 me
865 2419 1016 2516 obligata
1053 2424 1206 2520 primitus
1246 2419 1428 2493 absoluant
1463 2427 1497 2490 at
1533 2417 1716 2490 restituant

300 2517 559 2617 'indempnitati
595 2519 747 2594 ecclesie
786 2531 1024 2617 pracanentes.
1087 2521 1172 2595 Item
1211 2523 1303 2592 circa
1341 2516 1468 2592 iratres
1508 2515 1551 2589 de
1593 2526 1714 2590 sancto

329 2619 524 2694 0sualdo
551 2643 614 2717 pro
642 2620 783 2716 quadam
809 2644 939 2695 summa
965 2645 1101 2695 annone
1134 2621 1223 2693 idem
1256 2621 1391 2693 iaciant.
1445 2617 1529 2690 ltem
1556 2615 1715 2690 credito-

328 2719 422 2794 ribus
448 2723 535 2793 mais
575 2719 790 2794 cubiculariis
826 2719 1031 2796 (lnnrado
1067 2721 1262 2797 Durricb
1283 2731 1336 2792 'et
1373 2719 1449 2792 aliis
1485 2715 1714 2792 oreditoribus

328 2819 582 2918 quibuscunque
617 2821 727 2893 debita
766 2843 827 2894 sua
852 2822 1062 2918 persoluant
1115 2819 1199 2894 Item
1236 2823 1327 2893 eirca
1359 2819 1398 2892 F.
1438 2819 1715 2909 Bauwarum,

327 2921 621 2995 llermannum
658 2919 702 2992 de
741 2921 1037 3016 Bergerboue
1075 2931 1109 2994 et
1146 2921 1426 2995 ludewicum
1467 2917 1509 2991 de
1545 2917 1714 2992 Heldo-

328 3044 499 3118 rungen
526 3031 562 3094 at
588 3024 618 3096 si
644 3021 722 3118 quid
748 3020 850 3094 alicui
875 3021 918 3096 da
942 3022 1070 3096 familia
1095 3045 1172 3095 mea
1198 3025 1232 3095 in
1258 3021 1380 3096 dabitis
1407 3031 1543 3111 teneor,
1568 3041 1623 3092 me
1646 3017 1714 3093 ab·

329 3121 476 3196 soluant
528 3119 614 3195 ltem
640 3119 682 3193 de
709 3124 872 3218 expansis
896 3127 1119 3220 ‘exequiarum
1140 3145 1304 3216 mearum,
1330 3133 1365 3194 et
1380 3119 1422 3194 da
1437 3125 1714 3195 remuneratione

298 3304 301 3315 Ι
327 3222 457 3296 familie
483 3244 561 3296 mea
586 3221 767 3298 absoluant
792 3225 935 3296 enimam
963 3247 1073 3296 meam
1100 3227 1299 3320 quantocius
1326 3221 1540 3296 obtuderitsa
1555 3219 1713 3296 facultas.

327 3323 413 3398 Peto
441 3327 543 3396 etiam
569 3321 610 3396 ab
637 3321 767 3397 eisdem
792 3321 1106 3400 fidecommissariis
1133 3329 1232 3416 meis,
1258 3333 1294 3396 ut
1318 3345 1380 3421 per
1406 3323 1538 3420 aliquos
1561 3321 1714 3397 redditus

328 3446 391 3521 per
418 3447 481 3498 eos
508 3427 720 3520 conquisitos
747 3427 1001 3500 anniuersarias
1029 3448 1125 3499 maus
1152 3425 1322 3499 celebrari
1348 3427 1445 3499 annis
1465 3423 1609 3518 singulis
1622 3447 1713 3521 pro-

329 3535 477 3597 curetur.
528 3523 585 3596 Ad
609 3523 675 3596 hac
701 3547 803 3620 supra
840 3525 898 3598 uel
924 3525 1012 3600 inira
1038 3530 1165 3623 scripta
1190 3525 1345 3600 dominus
1371 3525 1596 3599 lohannes
1623 3523 1713 3599 sub-

330 3635 462 3716 cuntes,
487 3622 598 3698 fidelis
626 3627 774 3698 seruitor
800 3647 921 3717 meus,
961 3625 1223 3724 cbooperabitur
1257 3625 1347 3700 bona
1381 3623 1459 3698 lide.
1512 3624 1713 3698 Confectum

328 3735 384 3800 est
420 3722 510 3798 istud
534 3735 773 3800 testamentum
809 3748 899 3804 auno
938 3725 1065 3806 donini
1088 3725 1322 3821 tidelm,
1354 3725 1443 3802 laria
1479 3736 1598 3826 quarte
1632 3737 1714 3826 post

328 3823 449 3903 Jacobi
474 3825 634 3923 apostoli.
1495 3831 1498 3844 '
1639 3840 1643 3849 ⁴

537 4024 674 4116 sigiboto
694 4029 792 4125 partit
