3838 4728
650 491 873 592 episcopatu
894 487 1192 588 vifflgensis.
1223 587 1226 594 ⁴
1552 497 1636 579 tii.

233 709 420 790 expressa.
470 689 552 794 ipse
574 715 711 792 qnoque
731 702 833 768 tutor
850 693 976 774 ocima
1042 701 1142 791 optor
1155 691 1224 768 iroc
1248 701 1403 770 nostram
1428 697 1628 795 ecclesiam,
1679 731 1681 744 =

233 813 256 864 a
283 815 349 889 qna
383 793 472 869 idem
499 805 647 870 casuum
671 796 708 868 in
740 791 845 868 feodo
880 817 987 892 proce
1012 815 1072 868 ere
1096 791 1327 886 noscebatur,
1364 795 1579 896 indempnem
1606 826 1627 876 a

233 890 421 970 donatione
434 895 625 970 huiusmodi
651 917 875 987 conseruare,
900 897 1057 992 promisit
1072 916 1115 968 ao
1131 915 1173 970 se
1199 905 1234 968 et
1250 895 1438 993 predictum
1462 901 1628 997 pupilium

234 994 271 1066 in
298 996 370 1068 suis
394 995 519 1069 litteris
546 1017 651 1094 snper
674 995 742 1068 hoc
767 995 935 1069 coniectis
962 993 1147 1088 obligauit,
1183 1006 1221 1069 vt
1246 1001 1513 1096 quamprimum
1538 1000 1629 1075 idem

232 1093 384 1192 pupillus
410 1117 520 1172 annos
545 1093 765 1172 transcendat
799 1095 1005 1194 pupillares,
1043 1097 1074 1168 is
1100 1094 1160 1170 vei
1182 1095 1263 1189 iiie,
1302 1099 1379 1194 qui,
1417 1101 1455 1174 ei¹
1483 1101 1629 1180 anatem

233 1193 400 1292 pupffln
422 1195 594 1271 deuouere
620 1200 807 1291 continget,
834 1194 900 1270 aiii
924 1199 958 1270 in
984 1194 1173 1270 hereditate
1198 1219 1260 1272 sua
1287 1203 1518 1292 successerit,
1557 1225 1648 1276 ora-1

106 1371 111 1382 ,
234 1303 349 1368 strum
369 1295 669 1393 Swoimeburg
694 1319 773 1370 cum
784 1299 998 1394 pertinentiis
1013 1295 1180 1388 eiusdem,
1205 1297 1450 1394 quodquidam
1476 1311 1632 1378 casir-m

234 1417 287 1469 ox
308 1404 452 1493 pnterna
476 1401 704 1473 successione
727 1397 769 1472 ad
795 1403 904 1494 ipsum
930 1395 1095 1494 pupilium
1120 1395 1312 1472 dinoscitur
1335 1399 1543 1492 denotatum,
1585 1403 1629 1478 au

233 1517 356 1571 manus
379 1509 518 1572 nostras
545 1499 605 1572 vel
629 1501 739 1574 nostri
765 1498 981 1574 successoris
1015 1499 1049 1568 in
1075 1519 1325 1596 recompensam
1351 1501 1494 1597 predicti
1520 1506 1627 1578 castri

232 1593 536 1694 Bockesberg
560 1598 669 1672 iibere
694 1602 863 1694 resignet,
898 1595 1034 1669 idema
1058 1596 1160 1670 nobis
1185 1599 1244 1672 vai
1269 1611 1391 1674 nostro
1419 1625 1628 1680 successore

232 1698 272 1770 in
296 1696 435 1771 ieorium
460 1711 674 1797 recepturus,
699 1707 735 1771 ot
756 1699 854 1772 tituio
880 1695 975 1770 ieodi
998 1719 1238 1793 possessurus.
1289 1698 1382 1772 tuen
1409 1705 1510 1774 otiam
1537 1714 1629 1778 tutor

231 1815 313 1872 oum
351 1797 394 1872 ati
417 1819 564 1896 presens
590 1803 698 1898 ipsius
725 1804 828 1872 castri
855 1795 1158 1893 Sweineiturg
1196 1801 1386 1893 resignetis
1413 1813 1447 1874 ei
1472 1807 1627 1900 receptio
1750 1807 1752 1812 '

233 1896 389 1972 einsmm
414 1903 450 1973 in
475 1899 612 1974 feodum
638 1923 707 1974 non
733 1901 863 1994 vaieet,
886 1897 1139 1996 pretatipupiiii
1152 1899 1310 1996 pupiiiari
1336 1912 1428 1974 etate
1454 1901 1625 1996 obetnnte,

234 1995 353 2071 debito
380 1999 515 2074 ai'actui
541 2003 799 2099 manciparim
825 2000 1052 2076 cartitntinem
1086 2002 1333 2095 resignationis
1359 2013 1395 2074 at
1418 2007 1629 2100 receptionis

160 2181 165 2188 ,
237 2099 433 2174 mundam
447 2113 522 2199 'par
546 2103 656 2200 ipsum
679 2101 865 2200 pupilium,
902 2110 938 2172 ut
961 2099 1157 2196 predicitur,
1196 2098 1426 2175 instantiarum
1451 2108 1628 2202 proprium

236 2219 335 2274 mum
361 2211 510 2277 casinum
536 2201 843 2277 Liahtcnecka
877 2223 953 2274 curu
988 2203 1060 2273 suis
1099 2205 1321 2296 pertinenciis
1347 2205 1521 2280 uniuersis
1559 2227 1629 2282 unu

236 2319 313 2374 omn
347 2299 419 2377 iulio
453 2325 519 2376 suo
545 2303 753 2377 Gvnrado
789 2303 833 2375 ati
865 2323 985 2375 manus
1019 2311 1158 2375 racemus
1192 2307 1382 2396 resignauit
1416 2315 1452 2376 et
1490 2305 1628 2379 meme

234 2399 337 2474 nohis
376 2406 412 2476 in
437 2401 575 2476 iccium
601 2405 733 2500 recepit
756 2406 896 2476 nornine
920 2399 1013 2474 ieoii
1038 2400 1294 2501 possidendum,
1319 2405 1365 2474 itu
1390 2413 1429 2477 vt
1453 2405 1626 2482 amaneu

235 2512 352 2575 castro
377 2501 677 2598 iiweineburg
699 2523 763 2602 per
788 2511 1011 2576 memoratum
1025 2499 1188 2598 pupilium
1213 2507 1392 2598 resignato
1418 2514 1457 2576 et
1479 2507 1514 2578 in
1540 2505 1626 2578 ieo-

236 2599 327 2694 iem,
350 2613 388 2675 ut
412 2623 515 2702 snpra
539 2607 701 2700 tangitur,
733 2613 877 2702 recepte
902 2605 1013 2698 ipsum
1037 2612 1189 2676 cestrum
1213 2602 1548 2697 Lieirtenocke,
1583 2604 1627 2682 cit

236 2721 346 2777 cnara
370 2703 464 2778 ionii
489 2704 692 2799 reieuetnm,
717 2705 1013 2804 improprietatem
1024 2705 1133 2802 ipsine
1153 2707 1277 2780 tutoris
1296 2705 1472 2802 pristinem
1496 2725 1626 2778 reuer-

236 2809 337 2896 tatur,
363 2805 451 2879 sicut
474 2809 509 2880 in
576 2801 677 2879 edicti
701 2807 824 2880 tutoris
846 2805 971 2880 litteris
997 2807 1295 2900 superpremissis
1320 2801 1476 2880 omnibus
1502 2805 1627 2880 decia·

235 2913 340 2978 ratum.
390 2905 465 2981 iios
489 2929 535 3004 pu
558 2907 625 2980 iico
651 2915 892 3004 protestamur,
917 2903 1009 3004 quod
1032 2913 1211 3002 postquem
1237 2904 1448 3004 sepedictum
1475 2916 1626 2982 casuum

237 3003 553 3103 secunaum-g
591 3007 691 3082 notis
728 3017 786 3081 aut
817 3017 939 3083 nostro
961 3007 1160 3082 successori
1184 3005 1306 3100 inani,
1340 3017 1378 3080 ut
1409 3010 1628 3184 premittitm,

236 3105 448 3201 resignatum
473 3119 509 3182 et
523 3112 557 3182 in
583 3108 721 3182 ieodum
737 3119 926 3207 receptum,
950 3109 1220 3206 pneumatum
1239 3118 1387 3182 castrum
1446 3108 1626 3182 iehten-

237 3205 346 3280 ecire
370 3208 492 3306 preiati
518 3212 641 3284 tutoris
668 3219 703 3284 et
728 3205 1042 3285 suornmireradum
1057 3211 1242 3308 proprium,
1266 3219 1304 3284 ut
1328 3209 1496 3306 primitus,
1521 3207 1626 3283 debet

237 3326 331 3380 csse.
381 3308 420 3383 in
434 3309 555 3384 horum
575 3313 821 3409 premissomm
837 3311 1068 3384 testimonium
1086 3320 1187 3406 atque
1203 3312 1414 3386 oniienoieru
1432 3309 1625 3408 pleniorem

153 3418 158 3430 ‘
237 3406 326 3481 hanc
349 3413 512 3508 paginam·
538 3414 650 3486 nostri
684 3411 791 3509 sigilli
815 3409 997 3485 keractcre
1021 3408 1236 3485 roboramus.
1286 3411 1409 3485 Datum
1435 3408 1626 3507 iteritipoii,

238 3529 327 3582 anno
370 3509 495 3586 domini
533 3511 716 3586 millesimo
762 3507 1040 3602 octxxxvlt,
1076 3511 1112 3584 in
1152 3519 1278 3587 octava
1315 3511 1426 3588 saneti
1460 3509 1625 3611 Stephani

237 3608 538 3711 prothomartyris,
559 3611 775 3710 pontificatus
798 3615 912 3690 nostri
935 3633 1026 3690 muno
1052 3607 1126 3688 ΧΠ.

448 3801 586 3891 sistitur
607 3801 767 3890 appears.
