3838 4728
340 430 413 505 eat
578 401 582 412 ι
921 433 1149 550 documenta

340 641 536 728 presentem
576 631 723 708 litteram
759 634 889 728 sigillo.
910 634 1082 715 abbatisse
1109 647 1143 735 et
1177 647 1372 730 contractus¹
1392 636 1542 730 intimas
1562 662 1720 733 commo-

339 737 414 806 niri.
466 733 564 806 Acta.
581 745 658 806 sunt
683 734 748 808 bec
772 735 949 832 Herbipoli
975 761 1065 810 anuo
1098 737 1224 814 domiui
1260 738 1443 814 millesimo
1467 738 1722 832 cclxxxvi,

338 833 427 906 Vlli.
457 833 531 908 idus
559 833 780 932 Septembris.

547 1033 728 1119 Appendent
750 1035 812 1100 duo
834 1037 943 1124 sigilla.

860 1430 867 1442 ,
908 1347 1152 1437 ODLXXXIX.

812 1561 902 1626 Anno
927 1557 1031 1644 taut,
1057 1559 1085 1626 1.
1106 1561 1248 1630 ianuarii.

335 1744 518 1823 Bertoldus
544 1743 795 1844 herbipolensis
817 1751 1001 1846 episcopus
1041 1757 1187 1823 castrum
1213 1747 1457 1844 Boclresberg‚
1498 1745 1540 1821 ab
1566 1747 1717 1824 ecclesia

335 1849 567 1947 herbipolensi
590 1853 626 1922 in
650 1847 785 1922 lendum
806 1847 1013 1947 procedens,
1037 1847 1197 1924 iratribus
1213 1849 1249 1923 S.
1265 1849 1430 1924 lobannis
1451 1851 1718 1943 ierosolimitaai

772 1953 806 2023 in
833 1936 1062 2068 Wblcbingcn
1089 1953 1291 2046 appropriat.
1396 2041 1400 2050 Ι

434 2119 679 2195 Bertoldns
706 2119 762 2193 dei
787 2124 905 2216 gracia
930 2123 1114 2218 episcopus
1129 2119 1280 2194 ecclesie
1301 2119 1553 2218 herbipolensis
1579 2121 1713 2196 dilectis

273 2297 283 2312 ,
335 2221 371 2293 in
384 2216 519 2297 Christo
536 2219 945 2314 honorabili..magistro
962 2231 998 2292 et
1015 2217 1175 2293 iratribus
1201 2223 1375 2296 uniuersis
1401 2221 1580 2318 hospitalis
1606 2226 1715 2296 sancti

336 2319 501 2395 lobannis
522 2321 787 2414 jerosolimitani
814 2323 959 2396 salntem
984 2323 1019 2392 in
1045 2319 1182 2393 domino
1209 2331 1244 2393 et
1259 2325 1395 2397 sincere
1420 2323 1593 2396 vinculum
1618 2326 1716 2395 cari-

334 2425 423 2494 tatis.
449 2421 602 2520 Veniens
618 2421 659 2495 ad
673 2423 882 2520 presentiam
897 2431 1050 2496 nostram
1067 2423 1123 2493 vir
1135 2420 1260 2496 nobilis
1285 2421 1444 2496 ilraito
1471 2419 1715 2520 dellobyn-
1776 2499 1784 2511 ,

335 2521 482 2614 terem
508 2525 647 2599 nomina
672 2521 971 2619 liraplrtonis‚
1008 2519 1227 2594 Gerhardi
1254 2533 1289 2595 et
1314 2519 1533 2616 (lauradi,
1570 2522 1715 2597 liliorum

337 2623 504 2718 quendem
530 2621 656 2698 nobilia
682 2624 750 2696 viri
776 2621 970 2697 Conradi
997 2621 1040 2693 de
1064 2621 1383 2721 B'ockesparg,
1408 2646 1551 2720 quorum
1576 2623 1715 2698 tutelam

336 2722 501 2816 gerebat,
540 2723 640 2800 nobis
666 2725 838 2798 insinnare
865 2723 1010 2808 curavit„
1047 2721 1135 2816 qrrod
1171 2721 1253 2795 licet
1292 2721 1358 2796 dno
1385 2746 1432 2796 ex
1457 2722 1535 2798 liliis
1562 2723 1714 2798 eiusdem

239 2915 242 2918 p
336 2821 528 2897 Conradi
556 2823 599 2896 de
623 2821 938 2921 Boclnesperg‚
964 2821 1126 2894 videlicet
1151 2821 1353 2919 liraphto
1380 2831 1416 2896 et
1441 2822 1714 2914 Gerbardus‚

334 2927 444 2997 tercio
471 2923 605 2998 scilicet
631 2921 833 2998 Conrado
868 2925 900 2996 in
941 2921 1061 2996 seculo
1097 2935 1308 3014 remanente,
1348 2921 1494 2998 habitum
1533 2924 1713 3019 religionis

334 3033 454 3096 vestre
480 3035 515 3097 et
540 3023 695 3097 ordinem
721 3021 911 3096 famulaturi
938 3022 1074 3096 domino
1095 3027 1311 3120 recepissent
1336 3046 1377 3096 ac
1402 3023 1600 3098 desiderent
1622 3047 1712 3120 por-

335 3127 469 3197 cionem
495 3122 662 3198 bonoram
695 3133 933 3221 paternorum,
972 3144 1035 3220 per
1072 3127 1330 3197 successionem
1370 3125 1435 3197 sibi
1472 3121 1711 3196 hereditariam

334 3221 535 3314 debitorum,
561 3221 663 3298 robis
689 3234 725 3295 et
750 3223 859 3300 ordini
885 3233 1005 3296 vestro
1032 3221 1181 3294 conferri
1198 3247 1260 3320 pro
1286 3247 1421 3296 surarum
1447 3223 1601 3310 remedio
1626 3229 1708 3296 ani-

334 3344 463 3398 marum
489 3333 536 3412 et,
562 3334 598 3395 ut
623 3321 708 3398 ordo
734 3325 829 3420 ipsos
856 3333 891 3396 et
915 3326 979 3420 ipsi
1007 3321 1160 3396 ordinem
1183 3321 1318 3395 facilins
1344 3336 1378 3396 et
1404 3323 1711 3400 commodauera-

334 3425 428 3497 leant
453 3425 646 3518 sustinere,
685 3421 786 3496 iidem
823 3434 936 3496 tamen
975 3427 1185 3520 propositum
1225 3423 1289 3496 sibi
1328 3421 1486 3499 diuinitus
1512 3427 1712 3522 inspiratum

333 3523 462 3622 absque
495 3533 614 3598 nostro
648 3529 683 3595 et
716 3523 851 3621 capituli
877 3525 987 3596 nostri
1013 3523 1179 3596 adiutorio
1206 3545 1274 3595 non
1302 3533 1444 3620 possunt
1471 3547 1578 3600 conse
1626 3527 1648 3616 ⁸,
1676 3537 1711 3596 ut

333 3625 511 3715 affectant,
552 3621 642 3698 vnde
666 3623 805 3726 petebat
832 3621 940 3698 dictus
966 3620 1092 3697 nobilis
1128 3621 1321 3720 lirapbto
1361 3624 1404 3695 de
1436 3547 1710 3700 Hohinpprich

332 3727 573 3822 proprietatem
614 3726 717 3796 castri
742 3723 1045 3820 Bocltesperg
1084 3745 1158 3795 oum
1192 3723 1414 3822 proventibus
1453 3737 1488 3797 et
1525 3723 1709 3800 redditibus

332 3825 478 3921 aliisque
499 3822 630 3916 juribus
658 3835 692 3898 et
715 3827 929 3922 pertinentiis
965 3821 1052 3898 inira
1089 3822 1259 3896 marcham
1284 3823 1582 3926 Bookesperg
1621 3830 1709 3913 sitia,

332 3923 422 4020 quod
437 3921 568 4020 quidem
590 3935 736 4000 castrum
761 3923 1021 4023 Boclresper
1030 3947 1055 4022 g
1079 3947 1100 3994 a
1124 3921 1224 3998 nobis
1251 3923 1448 4000 eteoclesia
1473 3936 1592 3999 nostra
1618 3947 1705 4021 pro-

333 4023 422 4098 cedit
467 4026 502 4100 in
546 4020 707 4122 feodum,
752 4035 890 4126 recepta
936 4048 984 4099 ex
1032 4047 1136 4100 causa
1185 4027 1448 4124 permutacionis
1471 4029 1707 4150 'proprietate
