3776 4730
632 454 853 556 episcopatus
877 451 1173 554 wirsiburgensis.
1515 452 1585 534 ist

202 651 441 726 communicati
465 651 601 751 publice
628 655 775 751 singulis
802 653 920 730 diebus
935 655 1114 732 dominicis
1129 665 1164 729 ct
1177 654 1312 734 lestinis
1326 657 1588 751 nunciabuntur,

202 753 314 826 donec
338 754 571 850 persoluarint
595 759 782 842 uniuersa3
810 767 967 852 preterea
995 763 1025 832 si
1051 757 1190 832 infesto
1207 756 1409 854 Walpurgis
1426 761 1587 855 proximo

201 876 330 926 summa
355 855 388 928 X
412 856 620 930 maldrorum
645 880 715 931 non
740 857 843 929 fuerit
869 859 1018 932 exhibita
1052 861 1183 931 vicario
1211 859 1412 955 sepedicto,
1436 859 1589 934 ecclesia

200 965 319 1028 nostra
343 954 496 1052 predicta
521 957 611 1032 bona
648 957 778 1053 absque
819 963 910 1032 omui
946 959 1109 1032 dilatione
1135 957 1356 1056 possidenda,
1398 962 1587 1056 cuicunque

200 1055 350 1128 uoluerit
373 1068 490 1153 preter
505 1057 693 1154 predictum
706 1081 950 1155 possessorem
965 1070 1000 1132 et
1016 1059 1169 1134 eiusdem
1187 1059 1335 1134 heredes
1355 1059 1587 1154 assinguabit3

200 1158 234 1228 in
258 1155 346 1229 hanc
369 1157 514 1232 formam
530 1159 572 1232 ll.
599 1158 772 1255 predictus
789 1156 1093 1254 ethlergardis
1120 1183 1211 1235 vxor
1229 1163 1296 1256 ipsi
1321 1183 1438 1234 coram
1452 1159 1587 1234 arbitris

200 1261 439 1354 suprascriptis
475 1259 666 1332 coadunato
703 1264 816 1332 ammo
852 1272 1115 1336 consenserunt.
1166 1261 1205 1334 ln
1241 1264 1336 1334 cuius
1368 1265 1421 1334 rai
1456 1259 1588 1334 firmum

198 1359 428 1432 testimonium
467 1359 530 1434 has
568 1359 701 1433 litteras
738 1361 875 1458 capituli
908 1363 1019 1436 nostri
1056 1361 1174 1458 sigillo
1211 1361 1355 1436 lecimus
1383 1364 1586 1438 communiri.

197 1458 320 1533 Datum
345 1481 434 1532 anno
460 1459 587 1534 domini
614 1461 660 1535 Μ.
689 1460 757 1534 GC.
784 1460 997 1555 uxvl.,v1.
1024 1461 1190 1538 kalendas
1216 1461 1318 1538 lunii.

407 1593 544 1684 Sigillum
566 1595 716 1683 appendet
738 1598 864 1662 laesum.

786 1891 1007 1970 ccelxxss.

671 2065 762 2134 Anno
787 2061 891 2148 tato,
914 2061 944 2132 6.
967 2066 1108 2153 Augusti.

194 2219 435 2319 Engelbardus
462 2234 497 2297 et
510 2222 749 2320 Engelhardus
769 2221 811 2298 de
824 2224 1014 2322 Winsperc
1027 2225 1226 2321 promittunt
1239 2227 1405 2300 assistere
1418 2223 1584 2299 Bertoldo

196 2323 328 2396 decano
364 2336 399 2396 ct
435 2325 582 2422 capitulo
624 2328 764 2398 maioris
802 2325 975 2398 ecclesiae
1016 2324 1270 2420 herbipolensis
1307 2335 1407 2421 atquc
1450 2326 1584 2400 civibus

195 2422 493 2522 herbipolensibus
521 2437 641 2500 contra
665 2423 801 2498 nobiles
827 2428 925 2500 viros
950 2425 1033 2498 Her.
1062 2435 1096 2496 ct
1120 2425 1201 2497 Ber.
1243 2428 1386 2500 comites
1415 2426 1457 2498 de
1482 2426 1583 2500 Hetr-

611 2524 768 2620 nenberg
794 2537 829 2598 et
855 2547 974 2599 eorum
1000 2525 1166 2598 lautores.

296 2652 368 2728 Nos
393 2653 714 2748 Engelhsrdus
742 2665 777 2727 et
799 2655 1119 2750 Engelhardus
1145 2653 1446 2750 deWinsperc
1471 2653 1583 2728 literis

193 2755 411 2852 presentibus
436 2763 666 2851 protestamur
692 2766 727 2827 et
751 2765 868 2828 notum
894 2757 1060 2845 iacimus,
1099 2755 1189 2850 quod
1226 2754 1399 2850 corporali
1434 2757 1580 2850 prestito

191 2861 387 2951 J’uramento
414 2857 449 2928 iu
474 2859 656 2951 presencia
671 2855 922 2930 honorabilium
937 2861 1091 2929 virorum
1114 2855 1242 2929 domini
1255 2853 1443 2951 B[ertoldi]
1461 2841 1602 2930 decani*

196 2967 232 3031 et
257 2956 395 3053 capituli
420 2959 560 3030 maioris
577 2957 728 3030 ecclesie
743 2956 996 3054 herbipolensis
1016 2959 1235 3054 promisimus
1250 2954 1410 3047 fideliter,
1435 2955 1583 3032 viriliter

196 3068 232 3131 el
255 3067 415 3154 potenter
440 3060 606 3131 assistere
633 3061 685 3132 eis
711 3057 848 3131 domino
876 3057 1007 3131 decano
1036 3069 1071 3130 et
1103 3057 1250 3153 capitulo
1279 3068 1314 3128 ct
1339 3056 1468 3132 ciuibus
1494 3056 1582 3130 her-

195 3156 431 3255 bipolensibus
458 3168 577 3230 contra
612 3162 709 3232 viros
734 3158 870 3232 nobiles
895 3159 990 3231 Her.
1021 3169 1055 3230 et
1081 3159 1177 3230 ber.
1206 3161 1350 3231 comites
1384 3157 1427 3230 de
1461 3157 1582 3232 Hen-

195 3259 405 3352 nenberg
432 3269 467 3331 et
493 3281 611 3331 eorum
637 3258 804 3348 fautores,
829 3259 863 3330 id
890 3262 999 3355 ipsum
1026 3258 1132 3332 abeis
1150 3269 1375 3354 expectantes
1395 3258 1581 3332 secundum

196 3359 286 3456 quod
309 3357 409 3432 nobis
434 3363 640 3455 promissum
667 3370 721 3433 est
745 3383 808 3457 per
834 3381 954 3432 eorum
979 3369 1136 3456 patentes
1162 3359 1281 3430 literas
1309 3367 1429 3431 contra
1455 3381 1581 3453 quem

195 3461 279 3534 libet
303 3459 495 3550 hominem,
530 3463 585 3554 qui
610 3459 710 3534 nobis
735 3469 939 3534 nocumento
965 3459 1158 3534 intenderet
1184 3481 1390 3554 procurare,
1424 3463 1581 3554 exceptis

196 3561 288 3654 illis,
322 3564 378 3656 qui
413 3562 465 3633 eis
492 3559 534 3631 ad
560 3583 706 3656 presens
740 3569 980 3634 nocumentum
1018 3570 1097 3634 suut
1129 3563 1282 3650 astricti,
1317 3558 1581 3656 presentibusn

196 3663 288 3737 festo
314 3661 449 3734 Martini
474 3665 632 3756 proximo
660 3661 702 3733 ad
727 3660 871 3734 duorum
897 3683 1061 3734 annorum
1083 3664 1262 3734 terminum
1278 3661 1457 3733 duraturis.
1484 3661 1582 3734 Hanc

196 3764 330 3837 literam
356 3761 472 3856 sigillo
500 3771 621 3835 nostro
649 3761 805 3836 duximus
832 3782 935 3857 super
961 3761 1029 3836 hoc
1052 3765 1088 3834 in
1106 3765 1337 3834 testimonium
1352 3759 1579 3834 muniendam.

196 3865 316 3942 Datum
344 3885 433 3937 anno
457 3861 583 3934 domini
599 3863 644 3936 hl.
660 3860 872 3952 cclxii,
898 3859 986 3935 Vlll.
1001 3862 1076 3936 idus
1090 3863 1252 3956 Augusti,
1278 3861 1462 3934 indictione
1474 3883 1576 3934 nona.

404 4007 436 4072 Si
460 4005 540 4070 'llum
554 4025 622 4072 cum
636 4011 830 4090 inscriptione
845 4007 897 4088 „S.
906 4005 1139 4072 ENGlLllhlllll
1149 4005 1200 4074 ΕΤ
1214 4005 1384 4074 CONRth
1394 4005 1577 4090 iutuitu

403 4095 429 4164 ll
476 4093 698 4176 missisunt
716 4094 763 4163 lits
786 4113 952 4192 appensum
974 4101 1031 4174 etl·
