3774 4728
327 485 398 556 194
914 475 1132 550 Monumenta

327 681 476 754 dictione
502 677 651 774 quelibet
685 675 772 749 infra
797 677 921 749 festum
958 679 1200 770 assumptionis
1234 683 1269 746 at
1293 677 1476 750 naduitutis
1500 675 1602 748 beate
1627 679 1707 748 vir-

329 785 418 876 ginis
446 777 647 852 omnimodis
684 779 751 850 sint
787 778 910 851 solute.
970 775 1043 849 Nos
1079 797 1214 894 quoqne
1250 783 1284 846 et
1324 784 1444 846 nostro
1484 785 1518 847 et
1556 775 1708 848 ecclesie

327 891 446 954 nostre
471 882 609 950 nomine
635 875 782 948 fideliter
808 887 843 949 et
877 889 972 949 certe
1009 878 1267 970 repromisimus
1300 873 1490 946 hominibus
1529 875 1708 950 antedictis

327 991 362 1053 et
387 977 569 1052 heredibus
598 975 796 1049 eorumdem
819 987 984 1072 perpetue
1012 976 1224 1048 defensionis
1251 974 1437 1046 subsidium
1470 983 1505 1045 et
1534 978 1710 1068 juuamem
1773 1010 1778 1017 ·

197 1093 200 1101 '
326 1081 394 1152 hoe
420 1078 546 1169 addito,
572 1076 662 1172 quod
687 1098 752 1148 nos
781 1086 815 1148 et
841 1099 1068 1150 successores
1093 1077 1203 1147 nostri
1229 1074 1384 1146 homines
1412 1073 1553 1148 eosdem
1570 1074 1710 1147 etbona

326 1179 426 1256 nobis
452 1177 552 1266 data,
586 1175 815 1272 predictorum
844 1179 946 1248 etiam
971 1180 1172 1271 pensionum
1199 1184 1385 1271 prouentus
1423 1196 1490 1246 nec
1514 1173 1710 1264 vendendo,

326 1303 393 1352 nec
419 1283 452 1350 in
477 1275 613 1349 leodum
641 1275 764 1362 tando,
789 1297 855 1346 neo
881 1277 993 1370 aliquo
1021 1277 1089 1348 alio
1116 1277 1331 1347 alienationis
1357 1274 1468 1364 titulo,
1494 1273 1535 1345 ab
1557 1275 1710 1347 ecclesie

328 1380 477 1452 dominio
493 1377 657 1449 iaciemus
675 1375 866 1469 aliqualiter
883 1377 1006 1447 aliena.
1057 1375 1178 1447 Nullus
1191 1385 1350 1470 preterea
1375 1374 1563 1448 schultetus
1579 1375 1710 1448 eisdem

327 1478 519 1552 hominibus
546 1474 730 1572 prehgetur
756 1478 823 1548 nisi
850 1497 949 1570 quem
974 1479 1039 1572 ipsi
1072 1479 1162 1564 inter
1199 1497 1239 1548 se
1278 1478 1374 1570 ipsos
1400 1474 1443 1545 ad
1468 1474 1648 1547 consihum
1675 1483 1711 1547 et

328 1579 540 1651 voluntatem
592 1577 744 1670 episcopi
794 1575 1010 1647 decreuerint
1046 1573 1250 1669 eligendum.
1315 1578 1359 1646 Vt
1396 1577 1499 1668 igitur
1538 1574 1638 1647 nobis
1675 1585 1710 1646 et

331 1678 493 1764 ecclesie,
521 1675 682 1771 predictis
709 1697 844 1769 quoque
869 1675 1062 1747 hominibus
1090 1685 1269 1747 eteorum
1296 1673 1476 1746 heredibus
1493 1684 1607 1746 mutue
1621 1695 1709 1770 pre-

331 1777 496 1850 dictorum
529 1773 784 1849 vicissitudines
818 1785 892 1846 rate
919 1785 954 1846 et
978 1775 1074 1847 firme
1100 1779 1333 1870 inperpetuum
1360 1773 1608 1862 obsornentur‚
1643 1795 1708 1848 nos

328 1888 527 1973 presentem
563 1885 688 1946 cartam
731 1873 900 1948 conscribi
942 1883 976 1945 et
1014 1875 1119 1969 sigilli
1167 1877 1276 1948 nostri
1315 1878 1524 1969 appensione
1566 1873 1709 1948 lecimus

329 1997 540 2049 oommunrn.

425 2075 532 2147 Huius
560 2077 610 2145 rei
637 2083 744 2145 testes
771 2083 869 2144 sunt:
896 2073 1061 2147 Albertus
1089 2073 1131 2146 de
1156 2073 1390 2164 Hiltenburch,
1415 2072 1641 2168 Meuogoldus
1667 2073 1711 2145 de

331 2175 501 2294 Wilperc,
525 2175 706 2245 Heinricus
734 2183 767 2243 et
792 2172 1012 2266 blarqnardus
1039 2173 1164 2246 iratres
1191 2173 1233 2245 de
1261 2173 1471 2262 Grumbach
1498 2173 1576 2245 Otto
1602 2177 1711 2246 maior

332 2285 367 2347 et
401 2279 483 2346 noui
515 2277 713 2345 monasterii
748 2275 970 2392 prepositusP
1007 2273 1156 2346 Perseus
1197 2273 1369 2363 decanus,
1406 2271 1685 2345 Theodericus
1675 2296 1710 2345 rn

330 2375 457 2470 llovge
480 2377 697 2470 prepositus
735 2371 965 2444 Gotelridus'
956 2394 990 2443 m
1016 2373 1230 2446 llluckenstat
1254 2376 1469 2490 prepositus,
1493 2372 1710 2447 Eberhardus

334 2476 558 2562 scolasticus
591 2471 725 2566 Iringus
752 2481 893 2560 cantor
919 2472 1100 2546 Heinricus
1127 2453 1283 2560 custos,
1300 2472 1448 2545 Adollus
1481 2477 1711 2568 portenarium

332 2575 566 2647 Theodericus
581 2571 777 2661 Flosculus‚
801 2573 929 2662 berno,
957 2571 1077 2645 Gvono
1096 2571 1204 2660 Saxo
1221 2567 1397 2645 Cirnradus
1415 2572 1711 2668 deWinesperch‚

334 2675 497 2746 hibertus
525 2673 567 2743 de
593 2671 801 2760 Zabelstein
826 2672 943 2768 Poppo
970 2672 1013 2744 de
1027 2626 1228 2762 Osternach
1255 2667 1431 2745 Girnradus
1459 2683 1493 2744 et
1516 2671 1711 2748 Gotelridus

337 2775 462 2846 iratres
490 2773 531 2843 de
564 2770 803 2860 llulenberch
840 2770 1020 2844 Heinricus
1054 2771 1285 2846 marschalous
1324 2771 1366 2843 de
1391 2771 1500 2863 bure,
1538 2771 1712 2846 Volherus

337 2874 478 2969 dapifer,
505 2869 720 2944 Wollramus
747 2874 928 2965 pincerna,
962 2869 1140 2946 Gvnradus
1165 2871 1297 2960 llulusa
1322 2870 1519 2966 Nidnngns‚
1544 2871 1712 2947 llenricus

336 2983 371 3044 et
395 2972 615 3065 Berengerus
642 2970 767 3042 iratres
784 2969 826 3042 de
842 2971 1033 3062 Teleheim‚
1059 2971 1223 3044 Albertus
1239 2969 1281 3042 de
1296 2971 1497 3043 llornberch
1511 2969 1712 3064 schultetus‚

337 3067 433 3144 (lino
460 3070 689 3158 wolcoldus,
715 3070 883 3143 henricus
911 3071 1062 3167 dapifer,
1087 3073 1263 3165 Billungus
1291 3075 1518 3162 camerarius,
1542 3071 1712 3144 Henrious

335 3175 517 3268 pincerna,
552 3170 728 3242 hunoldus
763 3171 866 3261 Pica,
906 3171 1041 3265 lringus
1077 3169 1227 3260 Crasso,
1261 3169 1435 3244 Volkerus
1462 3171 1504 3244 do
1528 3171 1712 3262 Bastheim

335 3272 491 3345 Alhunus
518 3270 644 3343 Albuni
669 3269 771 3359 lilius,
797 3269 960 3344 Albertus
988 3275 1152 3366 magister
1166 3274 1323 3366 coquine,
1349 3269 1428 3344 0tto
1455 3272 1497 3343 de
1517 3268 1711 3362 stamheim,

336 3372 548 3446 llermannus
574 3373 726 3442 notarius
753 3379 788 3442 et
814 3371 871 3442 alii
897 3391 993 3466 quam
1020 3373 1147 3468 plures.

436 3472 525 3544 Acta
551 3481 629 3543 sunt
643 3470 709 3541 hec
735 3491 822 3542 anno
848 3475 1091 3545 incarnationis
1108 3471 1276 3544 dominice
1289 3471 1348 3542 ΜΟ·
1367 3469 1448 3544 00⁰·
1467 3471 1524 3544 X0·
1540 3469 1627 3564 itia,
1653 3475 1711 3544 in-

339 3573 487 3644 dictione
513 3570 585 3662 ila,
610 3567 822 3666 pontificatus
849 3571 973 3644 domini
999 3573 1187 3644 lnnocentii
1212 3594 1298 3668 pape
1323 3570 1369 3644 lll
1394 3591 1482 3643 anno
1506 3571 1606 3660 xvi,
1633 3575 1712 3668 epi-

339 3683 499 3843 scppatns
525 3674 635 3746 nostri
661 3691 749 3742 anno
775 3669 857 3762 vll,
892 3671 1055 3745 Bertoldo
1093 3694 1200 3768 puero
1238 3675 1362 3744 comite
1389 3672 1433 3745 de
1463 3668 1713 3745 Hennenbercb

338 3793 381 3844 vr
404 3777 433 3848 is
459 3771 625 3869 prefecto.

545 3971 702 4056 Appendet
723 3971 854 4058 sigillum
875 3967 991 4034 ottoms
1014 3975 1148 4053 episcopi
1170 3975 1280 4053 optime
1301 3975 1520 4035 consenescam.
