<?xml version="1.0" encoding="UTF-8"?>
<!DOCTYPE html PUBLIC "-//W3C//DTD XHTML 1.0 Transitional//EN"
    "http://www.w3.org/TR/xhtml1/DTD/xhtml1-transitional.dtd">
<html xmlns="http://www.w3.org/1999/xhtml" xml:lang="en" lang="en">
 <head>
  <title>
</title>
<meta http-equiv="Content-Type" content="text/html;charset=utf-8" />
  <meta name='ocr-system' content='tesseract 3.04.00' />
  <meta name='ocr-capabilities' content='ocr_page ocr_carea ocr_par ocr_line ocrx_word'/>
</head>
<body>
  <div class='ocr_page' id='page_1' title='image "./monumentaboica00karagoog_0320.png"; bbox 0 0 3768 4728; ppageno 0'>
   <div class='ocr_carea' id='block_1_1' title="bbox 182 317 1063 414">
    <p class='ocr_par' dir='ltr' id='par_1_1' title="bbox 182 317 1063 414">
     <span class='ocr_line' id='line_1_1' title="bbox 182 317 1063 414; baseline -0.002 -6"><span class='ocrx_word' id='word_1_1' title='bbox 182 317 186 329; x_wconf 68' lang='lat'>&#39;</span> <span class='ocrx_word' id='word_1_2' title='bbox 264 319 336 408; x_wconf 73' lang='grc'><strong>808</strong></span> <span class='ocrx_word' id='word_1_3' title='bbox 844 321 1063 414; x_wconf 68' lang='lat' dir='ltr'><strong>monumenta</strong></span> 
     </span>
    </p>
   </div>
   <div class='ocr_carea' id='block_1_2' title="bbox 186 525 1647 1208">
    <p class='ocr_par' dir='ltr' id='par_1_2' title="bbox 186 525 1647 1208">
     <span class='ocr_line' id='line_1_2' title="bbox 257 525 1646 614; baseline 0.004 -24"><span class='ocrx_word' id='word_1_4' title='bbox 257 530 382 593; x_wconf 87' lang='lat' dir='ltr'><strong>iniurias</strong></span> <span class='ocrx_word' id='word_1_5' title='bbox 405 525 537 595; x_wconf 83' lang='lat' dir='ltr'><strong>ecclesie</strong></span> <span class='ocrx_word' id='word_1_6' title='bbox 560 534 662 592; x_wconf 88' lang='lat' dir='ltr'><strong>nostre</strong></span> <span class='ocrx_word' id='word_1_7' title='bbox 685 530 852 594; x_wconf 86' lang='lat' dir='ltr'><strong>constitutis</strong></span> <span class='ocrx_word' id='word_1_8' title='bbox 876 528 1009 592; x_wconf 79' lang='lat' dir='ltr'>exhibuit</span> <span class='ocrx_word' id='word_1_9' title='bbox 1031 538 1062 596; x_wconf 90' lang='lat' dir='ltr'><strong>et</strong></span> <span class='ocrx_word' id='word_1_10' title='bbox 1083 536 1192 614; x_wconf 88' lang='lat' dir='ltr'><strong>poterii</strong></span> <span class='ocrx_word' id='word_1_11' title='bbox 1214 527 1377 612; x_wconf 88' lang='lat' dir='ltr'><strong>exhibere,</strong></span> <span class='ocrx_word' id='word_1_12' title='bbox 1408 527 1446 594; x_wconf 88' lang='lat' dir='ltr'><strong>ad</strong></span> <span class='ocrx_word' id='word_1_13' title='bbox 1469 547 1646 614; x_wconf 87' lang='lat' dir='ltr'><strong>reconpen-</strong></span> 
     </span>
     <span class='ocr_line' id='line_1_3' title="bbox 259 611 1646 700; baseline 0.002 -24"><span class='ocrx_word' id='word_1_14' title='bbox 259 616 411 676; x_wconf 80' lang='lat' dir='ltr'><strong>saoioiem</strong></span> <span class='ocrx_word' id='word_1_15' title='bbox 434 611 638 693; x_wconf 83' lang='lat' dir='ltr'><strong>dampnorum,</strong></span> <span class='ocrx_word' id='word_1_16' title='bbox 662 631 722 692; x_wconf 86' lang='lat' dir='ltr'><strong>que</strong></span> <span class='ocrx_word' id='word_1_17' title='bbox 743 613 854 677; x_wconf 80' lang='lat' dir='ltr'>ibidem</span> <span class='ocrx_word' id='word_1_18' title='bbox 876 618 1032 696; x_wconf 84' lang='lat' dir='ltr'><strong>sustinuit,</strong></span> <span class='ocrx_word' id='word_1_19' title='bbox 1063 613 1209 679; x_wconf 87' lang='lat' dir='ltr'><strong>ducentas</strong></span> <span class='ocrx_word' id='word_1_20' title='bbox 1244 635 1360 678; x_wconf 86' lang='lat' dir='ltr'><strong>marcas</strong></span> <span class='ocrx_word' id='word_1_21' title='bbox 1395 621 1512 700; x_wconf 80' lang='lat' dir='ltr'><strong>ergenii</strong></span> <span class='ocrx_word' id='word_1_22' title='bbox 1546 615 1646 680; x_wconf 90' lang='lat' dir='ltr'><strong>eidem</strong></span> 
     </span>
     <span class='ocr_line' id='line_1_4' title="bbox 259 697 1647 782; baseline 0.003 -22"><span class='ocrx_word' id='word_1_23' title='bbox 259 701 480 782; x_wconf 84' lang='lat' dir='ltr'><strong>assignauimus</strong></span> <span class='ocrx_word' id='word_1_24' title='bbox 512 703 608 762; x_wconf 88' lang='lat' dir='ltr'><strong>auimo</strong></span> <span class='ocrx_word' id='word_1_25' title='bbox 641 697 773 777; x_wconf 88' lang='lat' dir='ltr'><strong>liberali,</strong></span> <span class='ocrx_word' id='word_1_26' title='bbox 807 717 862 780; x_wconf 89' lang='lat' dir='ltr'><strong>pro</strong></span> <span class='ocrx_word' id='word_1_27' title='bbox 893 700 1001 779; x_wconf 85' lang='lat' dir='ltr'><strong>quibus</strong></span> <span class='ocrx_word' id='word_1_28' title='bbox 1024 701 1116 778; x_wconf 83' lang='lat' dir='ltr'><strong>berra,</strong></span> <span class='ocrx_word' id='word_1_29' title='bbox 1153 719 1213 782; x_wconf 88' lang='lat' dir='ltr'><strong>que</strong></span> <span class='ocrx_word' id='word_1_30' title='bbox 1248 719 1288 764; x_wconf 86' lang='lat' dir='ltr'><strong>err</strong></span> <span class='ocrx_word' id='word_1_31' title='bbox 1319 711 1414 764; x_wconf 89' lang='lat' dir='ltr'><strong>morte</strong></span> <span class='ocrx_word' id='word_1_32' title='bbox 1448 707 1502 763; x_wconf 88' lang='lat' dir='ltr'><strong>viri</strong></span> <span class='ocrx_word' id='word_1_33' title='bbox 1536 701 1647 764; x_wconf 84' lang='lat' dir='ltr'><strong>nobilis</strong></span> 
     </span>
     <span class='ocr_line' id='line_1_5' title="bbox 186 781 1645 868; baseline 0.003 -22"><span class='ocrx_word' id='word_1_34' title='bbox 186 853 193 860; x_wconf 61' lang='grc'><strong>,</strong></span> <span class='ocrx_word' id='word_1_35' title='bbox 259 781 411 846; x_wconf 79' lang='lat' dir='ltr'><strong>Albartl</strong></span> <span class='ocrx_word' id='word_1_36' title='bbox 434 781 472 844; x_wconf 91' lang='lat' dir='ltr'><strong>de</strong></span> <span class='ocrx_word' id='word_1_37' title='bbox 494 782 714 846; x_wconf 85' lang='lat' dir='ltr'><strong>Retenuols</strong></span> <span class='ocrx_word' id='word_1_38' title='bbox 743 784 829 846; x_wconf 89' lang='lat' dir='ltr'><strong>nobis</strong></span> <span class='ocrx_word' id='word_1_39' title='bbox 852 803 960 848; x_wconf 77' lang='lat' dir='ltr'><strong>micare</strong></span> <span class='ocrx_word' id='word_1_40' title='bbox 983 794 1146 868; x_wconf 83' lang='lat' dir='ltr'><strong>oeperunt,</strong></span> <span class='ocrx_word' id='word_1_41' title='bbox 1170 785 1309 849; x_wconf 84' lang='lat' dir='ltr'><strong>videlicet</strong></span> <span class='ocrx_word' id='word_1_42' title='bbox 1333 787 1522 849; x_wconf 83' lang='lat' dir='ltr'><strong>medietatem</strong></span> <span class='ocrx_word' id='word_1_43' title='bbox 1545 787 1645 850; x_wconf 81' lang='lat' dir='ltr'><strong>adie-</strong></span> 
     </span>
     <span class='ocr_line' id='line_1_6' title="bbox 260 867 1644 954; baseline 0.007 -26"><span class='ocrx_word' id='word_1_44' title='bbox 260 871 344 928; x_wconf 86' lang='lat' dir='ltr'><strong>eacle</strong></span> <span class='ocrx_word' id='word_1_45' title='bbox 365 871 395 929; x_wconf 90' lang='lat' dir='ltr'><strong>in</strong></span> <span class='ocrx_word' id='word_1_46' title='bbox 418 867 611 947; x_wconf 81' lang='lat' dir='ltr'><strong>Slateren,</strong></span> <span class='ocrx_word' id='word_1_47' title='bbox 635 869 733 930; x_wconf 87' lang='lat' dir='ltr'><strong>eidem</strong></span> <span class='ocrx_word' id='word_1_48' title='bbox 754 871 932 932; x_wconf 88' lang='lat' dir='ltr'><strong>contulimus</strong></span> <span class='ocrx_word' id='word_1_49' title='bbox 955 871 992 932; x_wconf 89' lang='lat' dir='ltr'><strong>ab</strong></span> <span class='ocrx_word' id='word_1_50' title='bbox 1015 873 1145 936; x_wconf 85' lang='lat' dir='ltr'><strong>eeclesia</strong></span> <span class='ocrx_word' id='word_1_51' title='bbox 1169 881 1269 934; x_wconf 80' lang='lat' dir='ltr'><strong>riostra</strong></span> <span class='ocrx_word' id='word_1_52' title='bbox 1292 877 1325 934; x_wconf 87' lang='lat' dir='ltr'><strong>in</strong></span> <span class='ocrx_word' id='word_1_53' title='bbox 1344 873 1436 936; x_wconf 87' lang='lat' dir='ltr'><strong>leode</strong></span> <span class='ocrx_word' id='word_1_54' title='bbox 1451 871 1644 954; x_wconf 82' lang='lat' dir='ltr'><strong>possidendo.</strong></span> 
     </span>
     <span class='ocr_line' id='line_1_7' title="bbox 257 951 1643 1042; baseline 0.004 -26"><span class='ocrx_word' id='word_1_55' title='bbox 257 952 294 1016; x_wconf 82' lang='lat' dir='ltr'><strong>iii</strong></span> <span class='ocrx_word' id='word_1_56' title='bbox 316 959 349 1016; x_wconf 86' lang='lat' dir='ltr'><strong>nt</strong></span> <span class='ocrx_word' id='word_1_57' title='bbox 369 951 428 1014; x_wconf 77' lang='lat' dir='ltr'><strong>hee</strong></span> <span class='ocrx_word' id='word_1_58' title='bbox 446 954 585 1019; x_wconf 78' lang='lat' dir='ltr'><strong>omrilius</strong></span> <span class='ocrx_word' id='word_1_59' title='bbox 608 954 782 1020; x_wconf 80' lang='lat' dir='ltr'><strong>elucescant</strong></span> <span class='ocrx_word' id='word_1_60' title='bbox 803 973 931 1035; x_wconf 85' lang='lat' dir='ltr'><strong>presens</strong></span> <span class='ocrx_word' id='word_1_61' title='bbox 951 962 1094 1038; x_wconf 84' lang='lat' dir='ltr'><strong>seriptum</strong></span> <span class='ocrx_word' id='word_1_62' title='bbox 1116 963 1143 1019; x_wconf 89' lang='lat' dir='ltr'><strong>ei</strong></span> <span class='ocrx_word' id='word_1_63' title='bbox 1159 956 1296 1022; x_wconf 77' lang='lat' dir='ltr'><strong>dedimus</strong></span> <span class='ocrx_word' id='word_1_64' title='bbox 1311 959 1401 1042; x_wconf 79' lang='lat' dir='ltr'><strong>sigilii</strong></span> <span class='ocrx_word' id='word_1_65' title='bbox 1424 963 1519 1022; x_wconf 83' lang='lat' dir='ltr'><strong>nostri</strong></span> <span class='ocrx_word' id='word_1_66' title='bbox 1542 963 1643 1022; x_wconf 80' lang='lat' dir='ltr'><strong>murri-</strong></span> 
     </span>
     <span class='ocr_line' id='line_1_8' title="bbox 258 1037 1643 1123; baseline 0.004 -23"><span class='ocrx_word' id='word_1_67' title='bbox 258 1042 337 1103; x_wconf 81' lang='lat' dir='ltr'><strong>niine</strong></span> <span class='ocrx_word' id='word_1_68' title='bbox 358 1037 540 1104; x_wconf 87' lang='lat' dir='ltr'><strong>roboratum.</strong></span> <span class='ocrx_word' id='word_1_69' title='bbox 583 1039 690 1108; x_wconf 82' lang='lat' dir='ltr'><strong>Datum</strong></span> <span class='ocrx_word' id='word_1_70' title='bbox 711 1037 864 1120; x_wconf 86' lang='lat' dir='ltr'><strong>Herbipoli</strong></span> <span class='ocrx_word' id='word_1_71' title='bbox 892 1059 969 1104; x_wconf 87' lang='lat' dir='ltr'><strong>anno</strong></span> <span class='ocrx_word' id='word_1_72' title='bbox 992 1042 1104 1108; x_wconf 91' lang='lat' dir='ltr'><strong>domini</strong></span> <span class='ocrx_word' id='word_1_73' title='bbox 1123 1044 1171 1106; x_wconf 63' lang='lat' dir='ltr'><strong>Ma.</strong></span> <span class='ocrx_word' id='word_1_74' title='bbox 1187 1043 1318 1106; x_wconf 73' lang='lat' dir='ltr'><strong>Odi-XL</strong></span> <span class='ocrx_word' id='word_1_75' title='bbox 1341 1048 1457 1123; x_wconf 85' lang='lat' dir='ltr'><strong>tenio,</strong></span> <span class='ocrx_word' id='word_1_76' title='bbox 1490 1043 1550 1108; x_wconf 85' lang='lat' dir='ltr'><strong>llll</strong></span> <span class='ocrx_word' id='word_1_77' title='bbox 1573 1043 1643 1108; x_wconf 90' lang='lat' dir='ltr'><strong>idus</strong></span> 
     </span>
     <span class='ocr_line' id='line_1_9' title="bbox 258 1123 1268 1208; baseline 0.004 -20"><span class='ocrx_word' id='word_1_78' title='bbox 258 1123 454 1204; x_wconf 79' lang='lat' dir='ltr'><strong>Septembris,</strong></span> <span class='ocrx_word' id='word_1_79' title='bbox 476 1123 712 1204; x_wconf 65' lang='lat' dir='ltr'><strong>marcennae,</strong></span> <span class='ocrx_word' id='word_1_80' title='bbox 736 1129 927 1208; x_wconf 69' lang='lat' dir='ltr'><strong>episcopatus</strong></span> <span class='ocrx_word' id='word_1_81' title='bbox 949 1133 1043 1192; x_wconf 80' lang='lat' dir='ltr'><strong>nostri</strong></span> <span class='ocrx_word' id='word_1_82' title='bbox 1066 1147 1146 1196; x_wconf 89' lang='lat' dir='ltr'><strong>anno</strong></span> <span class='ocrx_word' id='word_1_83' title='bbox 1165 1127 1268 1194; x_wconf 86' lang='lat' dir='ltr'><strong>xviii.</strong></span> 
     </span>
    </p>
   </div>
   <div class='ocr_carea' id='block_1_3' title="bbox 466 1305 1585 1500">
    <p class='ocr_par' dir='ltr' id='par_1_3' title="bbox 466 1305 1585 1500">
     <span class='ocr_line' id='line_1_10' title="bbox 470 1305 726 1392; baseline 0 -21"><span class='ocrx_word' id='word_1_84' title='bbox 470 1305 608 1391; x_wconf 78' lang='lat' dir='ltr'>Sigillum</span> <span class='ocrx_word' id='word_1_85' title='bbox 629 1313 726 1392; x_wconf 86' lang='lat' dir='ltr'><strong>perilt.</strong></span> 
     </span>
     <span class='ocr_line' id='line_1_11' title="bbox 466 1406 1585 1500; baseline 0.005 -26"><span class='ocrx_word' id='word_1_86' title='bbox 466 1406 584 1474; x_wconf 83' lang='lat' dir='ltr'><strong>Editum</strong></span> <span class='ocrx_word' id='word_1_87' title='bbox 604 1416 635 1476; x_wconf 89' lang='lat' dir='ltr'><strong>in</strong></span> <span class='ocrx_word' id='word_1_88' title='bbox 656 1411 769 1500; x_wconf 77' lang='lat' dir='ltr'><strong>laeger</strong></span> <span class='ocrx_word' id='word_1_89' title='bbox 797 1412 972 1480; x_wconf 78' lang='lat' dir='ltr'><strong>Geschichta</strong></span> <span class='ocrx_word' id='word_1_90' title='bbox 994 1411 1220 1482; x_wconf 81' lang='lat' dir='ltr'><strong>Franlsenlands</strong></span> <span class='ocrx_word' id='word_1_91' title='bbox 1243 1415 1289 1481; x_wconf 92' lang='lat' dir='ltr'><strong>lll.</strong></span> <span class='ocrx_word' id='word_1_92' title='bbox 1314 1435 1341 1498; x_wconf 93' lang='lat' dir='ltr'><strong>p.</strong></span> <span class='ocrx_word' id='word_1_93' title='bbox 1366 1411 1438 1480; x_wconf 81' lang='lat'><strong>390.</strong></span> <span class='ocrx_word' id='word_1_94' title='bbox 1461 1413 1510 1480; x_wconf 83' lang='lat' dir='ltr'><strong>llr.</strong></span> <span class='ocrx_word' id='word_1_95' title='bbox 1533 1413 1585 1480; x_wconf 89' lang='grc'><strong>41.</strong></span> 
     </span>
    </p>
   </div>
   <div class='ocr_carea' id='block_1_4' title="bbox 842 1833 1060 1908">
    <p class='ocr_par' dir='ltr' id='par_1_4' title="bbox 842 1833 1060 1908">
     <span class='ocr_line' id='line_1_12' title="bbox 842 1833 1060 1908; baseline 0 0"><span class='ocrx_word' id='word_1_96' title='bbox 842 1833 1060 1908; x_wconf 76' lang='lat' dir='ltr'><strong>dclxxvii.</strong></span> 
     </span>
    </p>
   </div>
   <div class='ocr_carea' id='block_1_5' title="bbox 676 2029 1224 2116">
    <p class='ocr_par' dir='ltr' id='par_1_5' title="bbox 676 2029 1224 2116">
     <span class='ocr_line' id='line_1_13' title="bbox 676 2029 1224 2116; baseline 0.011 -20"><span class='ocrx_word' id='word_1_97' title='bbox 676 2034 765 2098; x_wconf 79' lang='lat' dir='ltr'><strong>Anno</strong></span> <span class='ocrx_word' id='word_1_98' title='bbox 792 2029 894 2114; x_wconf 69' lang='lat'>1243„</span> <span class='ocrx_word' id='word_1_99' title='bbox 918 2053 1022 2100; x_wconf 88' lang='lat' dir='ltr'><strong>mense</strong></span> <span class='ocrx_word' id='word_1_100' title='bbox 1045 2035 1224 2116; x_wconf 86' lang='lat' dir='ltr'><strong>Septembri.</strong></span> 
     </span>
    </p>
   </div>
   <div class='ocr_carea' id='block_1_6' title="bbox 240 2215 1639 2914">
    <p class='ocr_par' dir='ltr' id='par_1_6' title="bbox 258 2215 1639 2316">
     <span class='ocr_line' id='line_1_14' title="bbox 258 2215 1639 2316; baseline 0.002 -26"><span class='ocrx_word' id='word_1_101' title='bbox 258 2215 472 2291; x_wconf 87' lang='lat' dir='ltr'><strong>Hermannus</strong></span> <span class='ocrx_word' id='word_1_102' title='bbox 499 2215 750 2316; x_wconf 82' lang='lat' dir='ltr'><strong>herbipolensis</strong></span> <span class='ocrx_word' id='word_1_103' title='bbox 779 2223 961 2316; x_wconf 90' lang='lat' dir='ltr'><strong>episcopus</strong></span> <span class='ocrx_word' id='word_1_104' title='bbox 990 2219 1183 2293; x_wconf 74' lang='lat' dir='ltr'><strong>abbatissae</strong></span> <span class='ocrx_word' id='word_1_105' title='bbox 1210 2218 1354 2292; x_wconf 89' lang='lat' dir='ltr'><strong>Lokardi</strong></span> <span class='ocrx_word' id='word_1_106' title='bbox 1389 2229 1423 2291; x_wconf 90' lang='lat' dir='ltr'><strong>et</strong></span> <span class='ocrx_word' id='word_1_107' title='bbox 1455 2225 1639 2294; x_wconf 86' lang='lat' dir='ltr'><strong>conventui</strong></span> 
     </span>
    </p>

    <p class='ocr_par' dir='ltr' id='par_1_7' title="bbox 259 2316 1639 2410">
     <span class='ocr_line' id='line_1_15' title="bbox 259 2316 1639 2410; baseline 0.001 -20"><span class='ocrx_word' id='word_1_108' title='bbox 259 2316 563 2392; x_wconf 79' lang='lat' dir='ltr'><strong>sanctimonialium</strong></span> <span class='ocrx_word' id='word_1_109' title='bbox 590 2319 632 2391; x_wconf 94' lang='lat' dir='ltr'><strong>de</strong></span> <span class='ocrx_word' id='word_1_110' title='bbox 658 2319 760 2392; x_wconf 87' lang='lat' dir='ltr'><strong>Valle</strong></span> <span class='ocrx_word' id='word_1_111' title='bbox 787 2323 1067 2410; x_wconf 76' lang='lat' dir='ltr'><strong>sanetaee1·ueis‚</strong></span> <span class='ocrx_word' id='word_1_112' title='bbox 1094 2323 1336 2394; x_wconf 87' lang='lat' dir='ltr'><strong>monasterium</strong></span> <span class='ocrx_word' id='word_1_113' title='bbox 1361 2343 1456 2392; x_wconf 89' lang='lat' dir='ltr'><strong>suum</strong></span> <span class='ocrx_word' id='word_1_114' title='bbox 1475 2325 1506 2393; x_wconf 92' lang='lat' dir='ltr'><strong>in</strong></span> <span class='ocrx_word' id='word_1_115' title='bbox 1523 2321 1639 2392; x_wconf 88' lang='lat' dir='ltr'><strong>villam</strong></span> 
     </span>
    </p>

    <p class='ocr_par' dir='ltr' id='par_1_8' title="bbox 258 2417 1639 2516">
     <span class='ocr_line' id='line_1_16' title="bbox 258 2417 1639 2516; baseline 0 -24"><span class='ocrx_word' id='word_1_116' title='bbox 258 2417 564 2514; x_wconf 75' lang='lat' dir='ltr'><strong>Marpurgehnsem</strong></span> <span class='ocrx_word' id='word_1_117' title='bbox 590 2442 688 2516; x_wconf 88' lang='lat' dir='ltr'><strong>quam</strong></span> <span class='ocrx_word' id='word_1_118' title='bbox 715 2443 735 2490; x_wconf 89' lang='lat' dir='ltr'><strong>a</strong></span> <span class='ocrx_word' id='word_1_119' title='bbox 764 2418 933 2494; x_wconf 90' lang='lat' dir='ltr'><strong>Sibotone</strong></span> <span class='ocrx_word' id='word_1_120' title='bbox 960 2419 1001 2492; x_wconf 89' lang='lat' dir='ltr'><strong>de</strong></span> <span class='ocrx_word' id='word_1_121' title='bbox 1027 2419 1246 2494; x_wconf 86' lang='lat' dir='ltr'><strong>Ezelnhusen</strong></span> <span class='ocrx_word' id='word_1_122' title='bbox 1273 2417 1493 2510; x_wconf 74' lang='lat' dir='ltr'><strong>absolverat,</strong></span> <span class='ocrx_word' id='word_1_123' title='bbox 1522 2432 1639 2492; x_wconf 91' lang='lat' dir='ltr'><strong>trans-</strong></span> 
     </span>
    </p>

    <p class='ocr_par' dir='ltr' id='par_1_9' title="bbox 258 2516 1638 2614">
     <span class='ocr_line' id='line_1_17' title="bbox 258 2516 1638 2614; baseline 0.002 -25"><span class='ocrx_word' id='word_1_124' title='bbox 258 2516 354 2592; x_wconf 82' lang='lat' dir='ltr'><strong>ferre</strong></span> <span class='ocrx_word' id='word_1_125' title='bbox 391 2517 601 2613; x_wconf 86' lang='lat' dir='ltr'><strong>cupientibus</strong></span> <span class='ocrx_word' id='word_1_126' title='bbox 641 2517 858 2592; x_wconf 88' lang='lat' dir='ltr'><strong>medietatem</strong></span> <span class='ocrx_word' id='word_1_127' title='bbox 898 2519 1051 2593; x_wconf 89' lang='lat' dir='ltr'><strong>eiusdem</strong></span> <span class='ocrx_word' id='word_1_128' title='bbox 1086 2519 1215 2610; x_wconf 73' lang='lat' dir='ltr'><strong>villae,</strong></span> <span class='ocrx_word' id='word_1_129' title='bbox 1253 2521 1403 2614; x_wconf 79' lang='lat' dir='ltr'><strong>acceptis</strong></span> <span class='ocrx_word' id='word_1_130' title='bbox 1439 2517 1479 2590; x_wconf 88' lang='lat' dir='ltr'><strong>ab</strong></span> <span class='ocrx_word' id='word_1_131' title='bbox 1519 2519 1638 2592; x_wconf 90' lang='lat' dir='ltr'><strong>iisdem</strong></span> 
     </span>
    </p>

    <p class='ocr_par' dir='ltr' id='par_1_10' title="bbox 240 2617 1639 2714">
     <span class='ocr_line' id='line_1_18' title="bbox 240 2617 1639 2714; baseline 0.001 -24"><span class='ocrx_word' id='word_1_132' title='bbox 240 2617 411 2708; x_wconf 37' lang='lat' dir='ltr'><strong>,dur-entis</strong></span> <span class='ocrx_word' id='word_1_133' title='bbox 449 2621 573 2690; x_wconf 90' lang='lat' dir='ltr'><strong>marcis</strong></span> <span class='ocrx_word' id='word_1_134' title='bbox 600 2623 757 2714; x_wconf 84' lang='lat' dir='ltr'><strong>argenti,</strong></span> <span class='ocrx_word' id='word_1_135' title='bbox 790 2631 824 2690; x_wconf 89' lang='lat' dir='ltr'><strong>et</strong></span> <span class='ocrx_word' id='word_1_136' title='bbox 860 2623 1050 2692; x_wconf 88' lang='lat' dir='ltr'><strong>reservatis</strong></span> <span class='ocrx_word' id='word_1_137' title='bbox 1089 2619 1151 2694; x_wconf 89' lang='lat' dir='ltr'><strong>sibi</strong></span> <span class='ocrx_word' id='word_1_138' title='bbox 1189 2619 1350 2692; x_wconf 85' lang='lat' dir='ltr'><strong>theloneo</strong></span> <span class='ocrx_word' id='word_1_139' title='bbox 1390 2630 1423 2688; x_wconf 92' lang='lat' dir='ltr'><strong>et</strong></span> <span class='ocrx_word' id='word_1_140' title='bbox 1464 2617 1563 2691; x_wconf 89' lang='lat' dir='ltr'><strong>bonis</strong></span> <span class='ocrx_word' id='word_1_141' title='bbox 1597 2619 1639 2692; x_wconf 90' lang='lat' dir='ltr'><strong>ab</strong></span> 
     </span>
    </p>

    <p class='ocr_par' dir='ltr' id='par_1_11' title="bbox 258 2715 1638 2914">
     <span class='ocr_line' id='line_1_19' title="bbox 258 2715 1638 2813; baseline 0.002 -25"><span class='ocrx_word' id='word_1_142' title='bbox 258 2719 394 2812; x_wconf 88' lang='lat' dir='ltr'><strong>antiquo</strong></span> <span class='ocrx_word' id='word_1_143' title='bbox 421 2715 629 2806; x_wconf 72' lang='lat' dir='ltr'><strong>infeodatis,</strong></span> <span class='ocrx_word' id='word_1_144' title='bbox 670 2721 704 2790; x_wconf 92' lang='lat' dir='ltr'><strong>in</strong></span> <span class='ocrx_word' id='word_1_145' title='bbox 737 2721 979 2813; x_wconf 86' lang='lat' dir='ltr'><strong>proprietatem</strong></span> <span class='ocrx_word' id='word_1_146' title='bbox 1006 2717 1082 2807; x_wconf 88' lang='lat' dir='ltr'><strong>dat,</strong></span> <span class='ocrx_word' id='word_1_147' title='bbox 1127 2719 1309 2792; x_wconf 88' lang='lat' dir='ltr'><strong>ecclesiam</strong></span> <span class='ocrx_word' id='word_1_148' title='bbox 1344 2717 1466 2790; x_wconf 89' lang='lat' dir='ltr'><strong>ibidem</strong></span> <span class='ocrx_word' id='word_1_149' title='bbox 1505 2743 1524 2790; x_wconf 90' lang='lat' dir='ltr'><strong>a</strong></span> <span class='ocrx_word' id='word_1_150' title='bbox 1562 2722 1638 2791; x_wconf 88' lang='lat' dir='ltr'><strong>iure</strong></span> 
     </span>
     <span class='ocr_line' id='line_1_20' title="bbox 617 2816 1276 2914; baseline 0.003 -26"><span class='ocrx_word' id='word_1_151' title='bbox 617 2816 752 2912; x_wconf 90' lang='lat' dir='ltr'><strong>plebani</strong></span> <span class='ocrx_word' id='word_1_152' title='bbox 779 2828 948 2889; x_wconf 86' lang='lat' dir='ltr'><strong>exemtam</strong></span> <span class='ocrx_word' id='word_1_153' title='bbox 974 2822 1058 2914; x_wconf 89' lang='lat' dir='ltr'><strong>ipsis</strong></span> <span class='ocrx_word' id='word_1_154' title='bbox 1085 2823 1276 2913; x_wconf 84' lang='lat' dir='ltr'><strong>assignans.</strong></span> 
     </span>
    </p>
   </div>
   <div class='ocr_carea' id='block_1_7' title="bbox 255 2985 1638 3922">
    <p class='ocr_par' dir='ltr' id='par_1_12' title="bbox 255 2985 1638 3922">
     <span class='ocr_line' id='line_1_21' title="bbox 386 2985 1638 3071; baseline 0.004 -23"><span class='ocrx_word' id='word_1_155' title='bbox 386 2987 418 3048; x_wconf 84' lang='grc'><strong>0.</strong></span> <span class='ocrx_word' id='word_1_156' title='bbox 463 2985 483 3046; x_wconf 94' lang='lat' dir='ltr'><strong>l.</strong></span> <span class='ocrx_word' id='word_1_157' title='bbox 519 3003 546 3047; x_wconf 91' lang='lat' dir='ltr'><strong>n.</strong></span> <span class='ocrx_word' id='word_1_158' title='bbox 579 3004 603 3049; x_wconf 94' lang='lat' dir='ltr'><strong>s.</strong></span> <span class='ocrx_word' id='word_1_159' title='bbox 634 3003 660 3046; x_wconf 91' lang='lat' dir='ltr'><strong>e.</strong></span> <span class='ocrx_word' id='word_1_160' title='bbox 684 2991 702 3047; x_wconf 90' lang='lat' dir='ltr'><strong>i.</strong></span> <span class='ocrx_word' id='word_1_161' title='bbox 727 2993 746 3048; x_wconf 92' lang='lat' dir='ltr'><strong>t.</strong></span> <span class='ocrx_word' id='word_1_162' title='bbox 801 2985 986 3053; x_wconf 86' lang='lat' dir='ltr'><strong>llermaneus</strong></span> <span class='ocrx_word' id='word_1_163' title='bbox 1019 2987 1068 3050; x_wconf 90' lang='lat' dir='ltr'><strong>dei</strong></span> <span class='ocrx_word' id='word_1_164' title='bbox 1097 2992 1191 3071; x_wconf 83' lang='lat' dir='ltr'><strong>gretia</strong></span> <span class='ocrx_word' id='word_1_165' title='bbox 1225 2985 1444 3069; x_wconf 75' lang='lat' dir='ltr'><strong>herbipolensis</strong></span> <span class='ocrx_word' id='word_1_166' title='bbox 1477 2993 1638 3071; x_wconf 87' lang='lat' dir='ltr'><strong>episcopus</strong></span> 
     </span>
     <span class='ocr_line' id='line_1_22' title="bbox 258 3068 1638 3157; baseline 0.001 -21"><span class='ocrx_word' id='word_1_167' title='bbox 258 3071 394 3136; x_wconf 91' lang='lat' dir='ltr'><strong>omnibus</strong></span> <span class='ocrx_word' id='word_1_168' title='bbox 416 3077 447 3135; x_wconf 93' lang='lat' dir='ltr'><strong>in</strong></span> <span class='ocrx_word' id='word_1_169' title='bbox 468 3069 586 3132; x_wconf 84' lang='lat' dir='ltr'><strong>chrisio</strong></span> <span class='ocrx_word' id='word_1_170' title='bbox 619 3068 756 3134; x_wconf 81' lang='lat' dir='ltr'><strong>fidelibus</strong></span> <span class='ocrx_word' id='word_1_171' title='bbox 788 3079 962 3152; x_wconf 89' lang='lat' dir='ltr'><strong>presentem</strong></span> <span class='ocrx_word' id='word_1_172' title='bbox 993 3077 1132 3157; x_wconf 86' lang='lat' dir='ltr'><strong>paginam</strong></span> <span class='ocrx_word' id='word_1_173' title='bbox 1153 3079 1332 3154; x_wconf 89' lang='lat' dir='ltr'><strong>inspecturis</strong></span> <span class='ocrx_word' id='word_1_174' title='bbox 1353 3079 1479 3137; x_wconf 88' lang='lat' dir='ltr'><strong>salutem</strong></span> <span class='ocrx_word' id='word_1_175' title='bbox 1509 3079 1539 3136; x_wconf 93' lang='lat' dir='ltr'><strong>tn</strong></span> <span class='ocrx_word' id='word_1_176' title='bbox 1562 3091 1638 3156; x_wconf 88' lang='lat' dir='ltr'><strong>per-</strong></span> 
     </span>
     <span class='ocr_line' id='line_1_23' title="bbox 257 3155 1637 3244; baseline 0.003 -26"><span class='ocrx_word' id='word_1_177' title='bbox 257 3165 378 3240; x_wconf 90' lang='lat' dir='ltr'><strong>petuum</strong></span> <span class='ocrx_word' id='word_1_178' title='bbox 402 3205 409 3220; x_wconf 88' lang='lat'><strong>.</strong></span> <span class='ocrx_word' id='word_1_179' title='bbox 434 3205 440 3220; x_wconf 91' lang='lat'>.</span> <span class='ocrx_word' id='word_1_180' title='bbox 465 3205 471 3218; x_wconf 93' lang='lat'><strong>.</strong></span> <span class='ocrx_word' id='word_1_181' title='bbox 516 3155 665 3220; x_wconf 87' lang='lat' dir='ltr'><strong>Nouerint</strong></span> <span class='ocrx_word' id='word_1_182' title='bbox 680 3199 712 3220; x_wconf 91' lang='grc'><strong>..</strong></span> <span class='ocrx_word' id='word_1_183' title='bbox 736 3165 795 3220; x_wconf 88' lang='lat' dir='ltr'><strong>tarn</strong></span> <span class='ocrx_word' id='word_1_184' title='bbox 817 3155 916 3222; x_wconf 83' lang='lat' dir='ltr'><strong>lutura</strong></span> <span class='ocrx_word' id='word_1_185' title='bbox 926 3162 1119 3240; x_wconf 87' lang='lat' dir='ltr'><strong>posteritatis,</strong></span> <span class='ocrx_word' id='word_1_186' title='bbox 1142 3177 1229 3244; x_wconf 86' lang='lat' dir='ltr'><strong>quam</strong></span> <span class='ocrx_word' id='word_1_187' title='bbox 1245 3163 1306 3222; x_wconf 89' lang='lat' dir='ltr'><strong>uite</strong></span> <span class='ocrx_word' id='word_1_188' title='bbox 1322 3164 1471 3240; x_wconf 91' lang='lat' dir='ltr'><strong>presentis</strong></span> <span class='ocrx_word' id='word_1_189' title='bbox 1491 3159 1637 3241; x_wconf 88' lang='lat' dir='ltr'><strong>homines,</strong></span> 
     </span>
     <span class='ocr_line' id='line_1_24' title="bbox 258 3239 1638 3324; baseline 0.003 -20"><span class='ocrx_word' id='word_1_190' title='bbox 258 3241 338 3324; x_wconf 84' lang='lat' dir='ltr'><strong>quod</strong></span> <span class='ocrx_word' id='word_1_191' title='bbox 372 3261 440 3305; x_wconf 90' lang='lat' dir='ltr'><strong>cnm</strong></span> <span class='ocrx_word' id='word_1_192' title='bbox 471 3239 650 3309; x_wconf 88' lang='lat' dir='ltr'><strong>venerabilis</strong></span> <span class='ocrx_word' id='word_1_193' title='bbox 689 3239 838 3306; x_wconf 85' lang='lat' dir='ltr'><strong>abbatissa</strong></span> <span class='ocrx_word' id='word_1_194' title='bbox 874 3241 1070 3306; x_wconf 85' lang='lat' dir='ltr'><strong>Lulrardis</strong></span> <span class='ocrx_word' id='word_1_195' title='bbox 1111 3251 1140 3306; x_wconf 93' lang='lat' dir='ltr'><strong>et</strong></span> <span class='ocrx_word' id='word_1_196' title='bbox 1173 3252 1341 3308; x_wconf 89' lang='lat' dir='ltr'><strong>conuentus</strong></span> <span class='ocrx_word' id='word_1_197' title='bbox 1373 3245 1638 3308; x_wconf 89' lang='lat' dir='ltr'><strong>sanctimonialium</strong></span> 
     </span>
     <span class='ocr_line' id='line_1_25' title="bbox 255 3323 1638 3412; baseline 0.002 -20"><span class='ocrx_word' id='word_1_198' title='bbox 255 3333 471 3412; x_wconf 78' lang='lat' dir='ltr'><strong>cysterciensis</strong></span> <span class='ocrx_word' id='word_1_199' title='bbox 494 3323 605 3390; x_wconf 87' lang='lat' dir='ltr'><strong>ordinis</strong></span> <span class='ocrx_word' id='word_1_200' title='bbox 635 3327 676 3389; x_wconf 87' lang='lat' dir='ltr'><strong>da</strong></span> <span class='ocrx_word' id='word_1_201' title='bbox 696 3329 801 3390; x_wconf 91' lang='lat' dir='ltr'><strong>valle</strong></span> <span class='ocrx_word' id='word_1_202' title='bbox 823 3337 965 3392; x_wconf 90' lang='lat' dir='ltr'><strong>sancte</strong></span> <span class='ocrx_word' id='word_1_203' title='bbox 987 3334 1136 3408; x_wconf 90' lang='lat' dir='ltr'><strong>crucis,</strong></span> <span class='ocrx_word' id='word_1_204' title='bbox 1167 3329 1406 3394; x_wconf 83' lang='lat' dir='ltr'><strong>consideratione</strong></span> <span class='ocrx_word' id='word_1_205' title='bbox 1437 3336 1495 3393; x_wconf 90' lang='lat' dir='ltr'><strong>iam</strong></span> <span class='ocrx_word' id='word_1_206' title='bbox 1526 3329 1638 3394; x_wconf 90' lang='lat' dir='ltr'><strong>diutina</strong></span> 
     </span>
     <span class='ocr_line' id='line_1_26' title="bbox 257 3409 1637 3498; baseline 0.003 -22"><span class='ocrx_word' id='word_1_207' title='bbox 257 3409 373 3492; x_wconf 88' lang='lat' dir='ltr'><strong>habita,</strong></span> <span class='ocrx_word' id='word_1_208' title='bbox 397 3409 478 3494; x_wconf 90' lang='lat' dir='ltr'><strong>quod</strong></span> <span class='ocrx_word' id='word_1_209' title='bbox 500 3413 605 3490; x_wconf 88' lang='lat' dir='ltr'><strong>locus,</strong></span> <span class='ocrx_word' id='word_1_210' title='bbox 628 3432 718 3494; x_wconf 87' lang='lat' dir='ltr'><strong>quem</strong></span> <span class='ocrx_word' id='word_1_211' title='bbox 742 3413 897 3498; x_wconf 83' lang='lat' dir='ltr'><strong>elegerant</strong></span> <span class='ocrx_word' id='word_1_212' title='bbox 921 3414 957 3475; x_wconf 88' lang='lat' dir='ltr'><strong>ad</strong></span> <span class='ocrx_word' id='word_1_213' title='bbox 981 3421 1154 3496; x_wconf 88' lang='lat' dir='ltr'><strong>perpetuam</strong></span> <span class='ocrx_word' id='word_1_214' title='bbox 1179 3419 1381 3495; x_wconf 87' lang='lat' dir='ltr'><strong>mansionem,</strong></span> <span class='ocrx_word' id='word_1_215' title='bbox 1413 3424 1534 3498; x_wconf 89' lang='lat' dir='ltr'><strong>propter</strong></span> <span class='ocrx_word' id='word_1_216' title='bbox 1554 3423 1637 3480; x_wconf 88' lang='lat' dir='ltr'><strong>terre</strong></span> 
     </span>
     <span class='ocr_line' id='line_1_27' title="bbox 257 3494 1637 3584; baseline 0.003 -24"><span class='ocrx_word' id='word_1_217' title='bbox 257 3494 400 3567; x_wconf 86' lang='lat' dir='ltr'><strong>duriciam</strong></span> <span class='ocrx_word' id='word_1_218' title='bbox 423 3505 454 3559; x_wconf 89' lang='lat' dir='ltr'><strong>et</strong></span> <span class='ocrx_word' id='word_1_219' title='bbox 476 3501 541 3560; x_wconf 89' lang='lat' dir='ltr'><strong>eius</strong></span> <span class='ocrx_word' id='word_1_220' title='bbox 562 3497 776 3560; x_wconf 79' lang='lat' dir='ltr'><strong>infertilitatem</strong></span> <span class='ocrx_word' id='word_1_221' title='bbox 798 3505 879 3560; x_wconf 90' lang='lat' dir='ltr'><strong>tanto</strong></span> <span class='ocrx_word' id='word_1_222' title='bbox 901 3503 1063 3561; x_wconf 68' lang='lat' dir='ltr'><strong>corruentui</strong></span> <span class='ocrx_word' id='word_1_223' title='bbox 1085 3503 1182 3562; x_wconf 91' lang='lat' dir='ltr'><strong>minus</strong></span> <span class='ocrx_word' id='word_1_224' title='bbox 1205 3499 1347 3563; x_wconf 83' lang='lat' dir='ltr'><strong>sulficere</strong></span> <span class='ocrx_word' id='word_1_225' title='bbox 1368 3509 1471 3584; x_wconf 88' lang='lat' dir='ltr'><strong>posset</strong></span> <span class='ocrx_word' id='word_1_226' title='bbox 1483 3547 1492 3581; x_wconf 85' lang='lat'><em>,</em></span> <span class='ocrx_word' id='word_1_227' title='bbox 1515 3502 1586 3563; x_wconf 88' lang='lat' dir='ltr'><strong>licet</strong></span> <span class='ocrx_word' id='word_1_228' title='bbox 1606 3507 1637 3564; x_wconf 91' lang='lat' dir='ltr'><strong>in</strong></span> 
     </span>
     <span class='ocr_line' id='line_1_28' title="bbox 258 3582 1636 3669; baseline 0.002 -24"><span class='ocrx_word' id='word_1_229' title='bbox 258 3599 294 3645; x_wconf 84' lang='lat' dir='ltr'><strong>ee</strong></span> <span class='ocrx_word' id='word_1_230' title='bbox 318 3582 507 3665; x_wconf 84' lang='lat' dir='ltr'><strong>exstirpanda</strong></span> <span class='ocrx_word' id='word_1_231' title='bbox 530 3589 561 3644; x_wconf 90' lang='lat' dir='ltr'><strong>et</strong></span> <span class='ocrx_word' id='word_1_232' title='bbox 582 3583 750 3646; x_wconf 88' lang='lat' dir='ltr'><strong>excolenda</strong></span> <span class='ocrx_word' id='word_1_233' title='bbox 773 3591 877 3646; x_wconf 87' lang='lat' dir='ltr'><strong>essent</strong></span> <span class='ocrx_word' id='word_1_234' title='bbox 899 3589 972 3646; x_wconf 84' lang='lat' dir='ltr'><strong>satis</strong></span> <span class='ocrx_word' id='word_1_235' title='bbox 1002 3601 1056 3664; x_wconf 89' lang='lat' dir='ltr'><strong>pro</strong></span> <span class='ocrx_word' id='word_1_236' title='bbox 1078 3586 1192 3648; x_wconf 86' lang='lat' dir='ltr'><strong>uiribus</strong></span> <span class='ocrx_word' id='word_1_237' title='bbox 1215 3587 1356 3669; x_wconf 81' lang='lat' dir='ltr'><strong>fatigate,</strong></span> <span class='ocrx_word' id='word_1_238' title='bbox 1386 3585 1568 3649; x_wconf 83' lang='lat' dir='ltr'><strong>aecedentes</strong></span> <span class='ocrx_word' id='word_1_239' title='bbox 1598 3584 1636 3649; x_wconf 84' lang='lat' dir='ltr'><strong>ad</strong></span> 
     </span>
     <span class='ocr_line' id='line_1_29' title="bbox 258 3668 1636 3752; baseline 0.004 -22"><span class='ocrx_word' id='word_1_240' title='bbox 258 3687 313 3732; x_wconf 88' lang='lat' dir='ltr'><strong>nos</strong></span> <span class='ocrx_word' id='word_1_241' title='bbox 336 3668 483 3731; x_wconf 86' lang='lat' dir='ltr'><strong>humiliter</strong></span> <span class='ocrx_word' id='word_1_242' title='bbox 505 3669 727 3749; x_wconf 84' lang='lat' dir='ltr'><strong>supplicarunt,</strong></span> <span class='ocrx_word' id='word_1_243' title='bbox 756 3675 790 3731; x_wconf 90' lang='lat' dir='ltr'><strong>ut</strong></span> <span class='ocrx_word' id='word_1_244' title='bbox 810 3675 856 3732; x_wconf 89' lang='lat' dir='ltr'><strong>eis</strong></span> <span class='ocrx_word' id='word_1_245' title='bbox 879 3669 1023 3750; x_wconf 87' lang='lat' dir='ltr'><strong>paternali</strong></span> <span class='ocrx_word' id='word_1_246' title='bbox 1046 3685 1139 3751; x_wconf 81' lang='lat' dir='ltr'><strong>super</strong></span> <span class='ocrx_word' id='word_1_247' title='bbox 1170 3671 1227 3734; x_wconf 84' lang='lat' dir='ltr'><strong>lioe</strong></span> <span class='ocrx_word' id='word_1_248' title='bbox 1256 3673 1442 3752; x_wconf 88' lang='lat' dir='ltr'><strong>prouidentia</strong></span> <span class='ocrx_word' id='word_1_249' title='bbox 1474 3673 1636 3735; x_wconf 89' lang='lat' dir='ltr'><strong>consulere</strong></span> 
     </span>
     <span class='ocr_line' id='line_1_30' title="bbox 256 3753 1634 3842; baseline 0.001 -26"><span class='ocrx_word' id='word_1_250' title='bbox 256 3753 458 3842; x_wconf 70' lang='lat' dir='ltr'><strong>dignaremur.</strong></span> <span class='ocrx_word' id='word_1_251' title='bbox 502 3753 565 3818; x_wconf 89' lang='lat' dir='ltr'><strong>Nos</strong></span> <span class='ocrx_word' id='word_1_252' title='bbox 586 3759 689 3836; x_wconf 87' lang='lat' dir='ltr'><strong>ltaque</strong></span> <span class='ocrx_word' id='word_1_253' title='bbox 711 3754 809 3819; x_wconf 86' lang='lat' dir='ltr'><strong>audita</strong></span> <span class='ocrx_word' id='word_1_254' title='bbox 832 3773 934 3817; x_wconf 89' lang='lat' dir='ltr'><strong>eorum</strong></span> <span class='ocrx_word' id='word_1_255' title='bbox 956 3759 1137 3838; x_wconf 86' lang='lat' dir='ltr'><strong>intentione,</strong></span> <span class='ocrx_word' id='word_1_256' title='bbox 1168 3756 1248 3838; x_wconf 86' lang='lat' dir='ltr'><strong>quod</strong></span> <span class='ocrx_word' id='word_1_257' title='bbox 1271 3761 1299 3818; x_wconf 92' lang='lat' dir='ltr'><strong>in</strong></span> <span class='ocrx_word' id='word_1_258' title='bbox 1322 3758 1389 3819; x_wconf 89' lang='lat' dir='ltr'><strong>vilia</strong></span> <span class='ocrx_word' id='word_1_259' title='bbox 1411 3757 1634 3841; x_wconf 82' lang='lat' dir='ltr'><strong>llarpurge-</strong></span> 
     </span>
     <span class='ocr_line' id='line_1_31' title="bbox 257 3837 1635 3922; baseline 0.004 -20"><span class='ocrx_word' id='word_1_260' title='bbox 257 3837 390 3920; x_wconf 84' lang='lat' dir='ltr'><strong>husen,</strong></span> <span class='ocrx_word' id='word_1_261' title='bbox 414 3858 501 3922; x_wconf 80' lang='lat' dir='ltr'><strong>quam</strong></span> <span class='ocrx_word' id='word_1_262' title='bbox 525 3859 543 3902; x_wconf 91' lang='lat' dir='ltr'><strong>a</strong></span> <span class='ocrx_word' id='word_1_263' title='bbox 566 3839 762 3904; x_wconf 88' lang='lat' dir='ltr'><strong>Sibotone</strong></span> <span class='ocrx_word' id='word_1_264' title='bbox 785 3838 823 3902; x_wconf 94' lang='lat' dir='ltr'><strong>de</strong></span> <span class='ocrx_word' id='word_1_265' title='bbox 845 3839 1108 3920; x_wconf 87' lang='lat' dir='ltr'><strong>Ezelnhusen‚</strong></span> <span class='ocrx_word' id='word_1_266' title='bbox 1144 3847 1194 3922; x_wconf 86' lang='lat' dir='ltr'><strong>qui</strong></span> <span class='ocrx_word' id='word_1_267' title='bbox 1230 3859 1296 3903; x_wconf 89' lang='lat' dir='ltr'><strong>eam</strong></span> <span class='ocrx_word' id='word_1_268' title='bbox 1328 3862 1344 3904; x_wconf 87' lang='lat' dir='ltr'><strong>a</strong></span> <span class='ocrx_word' id='word_1_269' title='bbox 1376 3841 1460 3904; x_wconf 89' lang='lat' dir='ltr'><strong>nobis</strong></span> <span class='ocrx_word' id='word_1_270' title='bbox 1492 3847 1521 3904; x_wconf 91' lang='lat' dir='ltr'><strong>in</strong></span> <span class='ocrx_word' id='word_1_271' title='bbox 1545 3841 1635 3908; x_wconf 78' lang='lat' dir='ltr'><strong>feodo</strong></span> 
     </span>
    </p>
   </div>
   <div class='ocr_carea' id='block_1_8' title="bbox 257 3921 1635 4010">
    <p class='ocr_par' dir='ltr' id='par_1_13' title="bbox 257 3921 1635 4010">
     <span class='ocr_line' id='line_1_32' title="bbox 257 3921 1635 4010; baseline 0.004 -24"><span class='ocrx_word' id='word_1_272' title='bbox 257 3927 370 4006; x_wconf 81' lang='lat' dir='ltr'><strong>tenuit,</strong></span> <span class='ocrx_word' id='word_1_273' title='bbox 393 3921 595 4003; x_wconf 79' lang='lat' dir='ltr'><strong>absoluimus,</strong></span> <span class='ocrx_word' id='word_1_274' title='bbox 628 3943 722 4007; x_wconf 84' lang='lat' dir='ltr'><strong>prope</strong></span> <span class='ocrx_word' id='word_1_275' title='bbox 744 3923 882 4008; x_wconf 87' lang='lat' dir='ltr'><strong>oppidum</strong></span> <span class='ocrx_word' id='word_1_276' title='bbox 906 3931 1038 3990; x_wconf 82' lang='lat' dir='ltr'><strong>nostruin</strong></span> <span class='ocrx_word' id='word_1_277' title='bbox 1060 3923 1299 3990; x_wconf 86' lang='lat' dir='ltr'><strong>llasel&#39;urtlre</strong></span> <span class='ocrx_word' id='word_1_278' title='bbox 1327 3927 1402 3990; x_wconf 87' lang='lat' dir='ltr'><strong>ultra</strong></span> <span class='ocrx_word' id='word_1_279' title='bbox 1426 3927 1545 4010; x_wconf 80' lang='lat' dir='ltr'><strong>Mogum</strong></span> <span class='ocrx_word' id='word_1_280' title='bbox 1568 3931 1635 4008; x_wconf 83' lang='lat' dir='ltr'><strong>sita,</strong></span> 
     </span>
    </p>
   </div>
   <div class='ocr_carea' id='block_1_9' title="bbox 0 0 1888 4728">
    <p class='ocr_par' dir='ltr' id='par_1_14' title="bbox 0 0 1888 4728">
     <span class='ocr_line' id='line_1_33' title="bbox 0 0 1888 4728; baseline 0 1"><span class='ocrx_word' id='word_1_281' title='bbox 0 0 1888 4728; x_wconf 95' lang='lat' dir='ltr'><strong> </strong></span> 
     </span>
    </p>
   </div>
  </div>
 </body>
</html>
