3776 4730
634 427 852 524 episcopatus
880 427 1172 526 wirciburgensis.
1512 435 1586 514 515

203 625 342 723 capituli
369 627 494 723 sigillis
511 629 711 702 comanitas.
750 615 873 702 Datum
888 627 1066 727 Herbipoli
1082 653 1171 706 anno
1188 632 1583 730 centumcentumn,

199 727 302 801 XVII.
332 725 498 800 kalendas
524 729 696 820 Janumii,
722 728 935 824 pontificatus
961 736 1071 808 nostri
1096 757 1185 808 auno
1213 737 1340 830 quinto.

411 896 589 980 Appcndent
611 897 670 962 duo
693 901 801 984 sigilla.

384 1069 389 1082 Ι
415 983 441 1062 ¹)
462 983 591 1048 Litterae
614 983 659 1048 his
682 985 756 1050 locis
779 1003 818 1052 cx
839 981 964 1050 burncrc
988 989 1127 1054 excitatae
1150 997 1227 1054 sunt.

800 1281 1029 1356 ccxxxvii.

600 1481 691 1546 Anno
715 1478 818 1564 latu,
842 1487 907 1548 sinc
927 1481 986 1563 die,
1008 1481 1173 1547 lluncrstat

198 1667 332 1768 Bcppo‚
358 1673 476 1742 unicus
503 1667 626 1742 haeres
652 1669 794 1741 illustris
822 1667 1019 1742 llerimanni
1054 1673 1188 1747 comitis
1227 1675 1375 1744 senioris
1413 1669 1455 1744 de
1481 1671 1582 1746 llen-
1713 1739 1719 1751 .

201 1769 377 1864 uenberg‚
426 1769 581 1868 oppidum
620 1793 715 1842 suum
750 1767 895 1866 Kynege
932 1769 1096 1848 Bertoldc
1137 1771 1369 1870 herbipolensi
1417 1775 1581 1868 episcopo

686 1867 810 1942 subicit
837 1869 1091 1946 defensandum.

297 1999 370 2074 Nos
395 1999 572 2096 Boppc‚
612 2002 733 2072 vnicus
773 1997 875 2072 heres
917 1997 1061 2074 illustris
1096 1999 1342 2072 Hermanni
1381 1999 1436 2072 dei
1472 2003 1581 2096 gratia

201 2103 335 2176 comitis
362 2099 404 2172 de
431 2098 760 2193 llennenberg,
802 2107 918 2186 noturn
956 2097 1030 2174 fieri
1069 2099 1226 2172 uolumus
1258 2104 1430 2196 presentia
1456 2103 1581 2196 pagine

199 2199 473 2296 inspectoribus,
509 2199 700 2296 quodcum
727 2197 935 2270 venerabilis
963 2197 1118 2272 dominus
1144 2211 1264 2274 noster·
1289 2201 1384 2272 Ber.
1412 2200 1580 2296 herbipo-

199 2301 308 2375 lensis
331 2304 513 2397 episcopus
541 2323 605 2372 nos
643 2303 675 2371 in
714 2321 809 2372 suurn
836 2300 1022 2394 specialem
1050 2303 1192 2394 gratiam
1230 2303 1387 2395 recipcre
1423 2299 1580 2394 dignutus

200 2412 254 2474 est
281 2425 343 2474 sue
370 2401 496 2474 lumilie
523 2397 768 2487 describendo,
802 2421 868 2472 nos
896 2397 1032 2492 dignum
1058 2399 1214 2472 duximus
1255 2422 1317 2496 per
1356 2403 1469 2474 omnia
1507 2403 1579 2472 suis

198 2501 333 2576 nutibus
359 2501 534 2574 inclinare.
587 2497 717 2570 Verum
748 2518 824 2568 curn
861 2497 989 2572 diuersi
1022 2522 1122 2572 casus
1161 2511 1197 2572 et
1235 2503 1398 2596 inopinati
1436 2511 1579 2572 euentus

199 2606 423 2698 interipsum
462 2599 634 2672 dominum
659 2607 813 2672 nostrum
840 2601 1038 2696 episcopum
1078 2621 1123 2672 cx
1158 2609 1255 2696 parte
1293 2622 1359 2674 una
1396 2609 1430 2671 et
1462 2603 1579 2674 caris-

201 2706 320 2775 sirnum
336 2713 466 2798 patrem
484 2710 638 2774 nostrum
658 2721 698 2770 ac
713 2707 854 2795 patruos
869 2709 1009 2772 nostros
1027 2699 1136 2790 Ber„
1149 2699 1262 2789 ller.‚
1274 2699 1580 2774 etlleinricum

200 2807 344 2876 comites
372 2801 414 2874 dc
440 2797 740 2894 Hennenbarg
765 2821 812 2870 ex
845 2809 941 2896 parte
977 2799 1085 2872 altere
1126 2821 1230 2894 super
1263 2801 1511 2874 controuersiis
1545 2811 1580 2874 et

199 2901 471 2978 dissensionibus
498 2910 659 2998 poterunt
684 2901 786 2988 oriri,
822 2897 1009 2994 dequibus
1046 2921 1111 2974 nos
1138 2903 1322 2974 inmiscere
1359 2911 1393 2974 ct
1417 2903 1580 2995 ingerere

200 3007 336 3076 minime
363 3007 568 3095 cogitamus,
595 2999 729 3100 opidum
756 3011 910 3074 nostrum
935 3001 1129 3097 Kynegu
1156 2999 1246 3098 quod
1267 3023 1343 3074 curn
1358 3004 1579 3098 pertinenciis

200 3109 271 3180 suis
312 3102 352 3174 cd
390 3113 543 3176 nostrum
569 3111 766 3198 preceptum
802 3124 848 3172 ex
882 3098 991 3173 libera
1030 3103 1273 3196 resignacicne
1314 3112 1348 3174 ct
1389 3099 1580 3176 donacione

199 3207 305 3302 patris
331 3207 459 3276 nostris
486 3201 628 3298 predicti
654 3203 828 3298 pertinere
854 3199 1054 3292 dinoscitur,
1080 3205 1187 3298 ipsius
1214 3201 1341 3274 domini
1367 3205 1477 3276 nostri
1499 3205 1579 3298 epi-

200 3307 297 3400 scopi
323 3305 529 3399 protcctioni
557 3299 740 3376 subicimus
768 3299 1034 3390 defensandum,
1073 3325 1198 3376 cauere
1237 3301 1397 3376 uolentes
1433 3312 1468 3374 at
1492 3325 1580 3398 pre-

200 3401 352 3480 sentibus
378 3403 518 3476 lirmiter
554 3405 814 3498 promittentes,
845 3423 890 3473 nc
916 3404 991 3498 ipse
1017 3399 1173 3476 dominus
1208 3413 1329 3476 noster
1362 3401 1421 3474 uel
1457 3405 1510 3476 sui
1536 3401 1578 3476 ab

200 3503 321 3578 eodern
350 3501 451 3599 opido
477 3503 659 3600 Kynege
685 3499 861 3576 turbentur
886 3501 1079 3596 aliqualiter
1111 3503 1168 3576 uel
1201 3501 1367 3576 ledantur.
1419 3501 1458 3576 ln
1483 3505 1579 3576 cuius

199 3610 251 3677 rei
276 3607 505 3677 testiinonium
533 3613 713 3698 presentes
739 3602 871 3675 litteras
898 3601 1090 3695 sigillorum
1118 3601 1232 3676 dilecti
1265 3607 1369 3700 patris
1403 3606 1580 3676 noctuae

200 3708 301 3777 etiam
339 3707 479 3799 proprio
521 3705 703 3773 munimine
744 3699 900 3778 duximus
940 3699 1164 3779 roborandus.
1218 3704 1340 3775 Datum
1377 3703 1579 3794 blunerstat‚

201 3827 291 3879 anno
319 3804 445 3877 domini
471 3799 754 3876 nccnxxfflo.

409 3969 717 4121 Sigillrpinrtlioppcrds
739 3970 778 4036 da
799 3971 1004 4060 llenncnbcrp
1032 3977 1063 4039 ln
1084 3977 1233 4060 superiori
1265 3991 1320 4038 sua
1350 3979 1435 4058 parte
1466 3973 1580 4038 laesum

408 4075 505 4144 appen
527 4076 566 4122 e.
1167 4139 1246 4217 65·
