3774 4728
586 477 803 571 episcopatus
832 471 1123 570 wirsiburgensis.
1469 481 1538 552 221

259 670 385 843 Adctpm
437 691 526 744 anno
570 672 697 745 domini
738 672 978 764 nocxxm,
1034 677 1251 770 episcopatus
1296 680 1405 751 nostri
1447 699 1541 752 anno

168 793 269 846 secun
294 793 326 844 o.

366 969 433 1032 Duo
444 969 738 1053 sigillaappendeut:
758 967 970 1049 l)llermnnni,
985 975 1070 1034 cutus
1085 989 1155 1053 pars
1166 971 1290 1035 inferior
1306 979 1418 1036 tantum
1429 991 1543 1056 super·

368 1061 424 1134 est,
447 1053 481 1130 2)
504 1053 650 1118 Waltheri
672 1055 711 1118 de
733 1055 943 1139 hengenberg.
1302 1071 1303 1074 ’

366 1156 483 1222 lldlturn
505 1163 536 1222 in
558 1158 671 1244 laeger
694 1157 872 1221 Geschlchte
894 1159 1117 1242 Franhenlaprds
1147 1159 1192 1223 lll.
1227 1180 1254 1241 p.
1285 1156 1358 1224 350.
1388 1160 1439 1224 Νι.
1461 1159 1543 1226 ΧΧΙ.
1673 1230 1687 1257 ⁰

793 1603 906 1678 ccxl.

556 1807 645 1868 Annio
673 1801 773 1882 1227„
807 1801 856 1868 28.
882 1805 959 1884 licii,
983 1806 1146 1892 lloguntic.

167 1991 302 2064 ludices
330 2015 349 2062 a
375 1989 512 2061 domino
539 2013 625 2088 papa
651 1989 800 2084 delegati
834 1993 867 2061 in
902 2013 1005 2063 causa
1030 1991 1071 2063 H.
1107 1991 1148 2064 de
1174 1991 1397 2066 liabenshurc
1423 2004 1544 2066 contra

167 2091 355 2165 iohannem
382 2089 425 2162 de
450 2089 686 2179 llnhenshurc⁷
711 2089 891 2186 capitulum
918 2089 1161 2186 herbipolense
1188 2113 1250 2190 per
1271 2095 1474 2165 sententiam
1502 2093 1543 2166 ah

166 2196 327 2287 ingressu
354 2189 525 2263 ecclesiae
552 2189 771 2284 suspendunt,
801 2190 1010 2281 inundantes,
1035 2201 1071 2262 ut
1094 2191 1135 2263 H.
1158 2191 1436 2264 dehabenshurc
1457 2193 1544 2265 inira

235 2293 377 2388 spatium
407 2301 485 2362 octo
515 2287 644 2361 dierum
667 2299 855 2385 proventus
883 2289 1097 2386 praebendae
1124 2313 1207 2364 sune
1234 2295 1474 2364 ministrentur.

266 2461 358 2534 Viris
386 2460 593 2532 honorandis
621 2471 655 2531 et
681 2463 714 2530 in
730 2459 865 2532 Christo
882 2459 1015 2532 dilectis
1030 2464 1218 2556 preposito,
1246 2460 1389 2550 decano,
1417 2465 1545 2556 totique

167 2561 315 2657 capimlo
340 2559 573 2661 herbipolensi
599 2559 656 2628 W.
684 2563 792 2630 sancti
819 2560 931 2650 Petri,
957 2561 993 2630 B.
1022 2563 1129 2632 sancti
1156 2557 1318 2655 Stephani
1344 2560 1484 2651 decani,
1511 2571 1545 2633 et

168 2662 229 2733 Th.
259 2661 463 2732 scolasticus
490 2663 597 2732 sancti
627 2659 789 2753 Stephani
814 2659 849 2730 M
858 2663 1063 2754 eguntie,
1096 2658 1225 2734 iudices
1252 2684 1271 2732 a
1298 2659 1433 2732 domino
1460 2683 1546 2757 papa

168 2762 337 2854 delegati,
379 2761 524 2831 salutem
562 2769 596 2832 et
632 2781 747 2830 ueram
785 2762 816 2829 in
852 2759 987 2831 domino
1021 2759 1199 2832 karitatem
1237 2783 1311 2831 cum
1351 2761 1544 2833 omnimoda

168 2865 359 2937 orationum
385 2882 520 2931 suarum
546 2859 741 2932 deuotione.
794 2859 828 2931 A
853 2863 1016 2930 memoria
1050 2870 1165 2932 uestra
1200 2860 1347 2932 nondum
1374 2860 1543 2936 credimus

170 2962 373 3048 excedisse,
410 2960 554 3054 qualiter
579 2983 644 3031 nos
672 2958 840 3031 dominum
873 2959 914 3030 ll.
949 2959 991 3031 dc
1018 2959 1317 3034 Rabensburc
1352 2984 1398 3032 ex
1435 2964 1543 3057 primo

170 3062 310 3134 decreto
337 3071 477 3155 propter
502 3059 721 3155 multiplicem
748 3063 992 3131 contumaciam
1020 3059 1207 3133 aduersarii
1241 3065 1292 3133 sui
1324 3060 1546 3136 iohannis

170 3162 211 3234 de
237 3157 530 3234 liabenshurc
556 3163 589 3230 in
615 3158 788 3254 prehende
815 3181 877 3230 sue
904 3164 1163 3254 possessionem
1190 3183 1293 3234 causa
1312 3163 1363 3232 roi
1379 3159 1548 3234 semande

171 3265 304 3333 mittere
330 3260 466 3353 dignum
493 3259 710 3348 duxerimus,
751 3269 805 3330 set
838 3257 1055 3332 aduersarius
1090 3263 1163 3333 eius
1197 3259 1308 3332 dictus
1342 3258 1389 3350 1.,
1430 3271 1549 3333 nostra

172 3363 578 3455 sententiacontempta,
605 3359 647 3431 de
673 3359 894 3454 prouentibus
923 3360 1079 3455 stipendii
1106 3363 1284 3431 memorati
1310 3359 1548 3432 nichilominus

172 3485 210 3534 se
238 3463 464 3532 intromittere
491 3463 693 3554 presumsit3
722 3482 824 3553 super
839 3481 905 3553 quo
922 3463 1059 3531 citatum
1076 3469 1110 3532 et
1124 3469 1358 3532 contumacem
1376 3463 1549 3532 inuentum

174 3561 214 3634 ad
240 3563 439 3634 instanciam
465 3558 606 3655 predicti
633 3559 674 3629 il.
703 3563 871 3632 sententia
898 3561 1259 3632 excommunicationis
1298 3563 1406 3654 ipsum
1431 3560 1461 3631 J.
1489 3563 1548 3630 in-

174 3660 394 3750 nodeuimus,
434 3659 676 3732 denunciantes
715 3658 811 3732 uohis
846 3663 983 3754 sepius,
1019 3663 1127 3756 ipsum
1154 3661 1479 3762 excommunicatum
1516 3667 1551 3730 et

174 3764 277 3834 artius
302 3758 505 3849 euitandam,
531 3768 782 3853 consequenter
808 3769 842 3830 ct
868 3759 966 3834 uobis
986 3758 1104 3832 dantes
1120 3763 1153 3831 in
1168 3757 1346 3847 mandatis,
1371 3767 1407 3830 ut
1422 3780 1550 3854 supru-

175 3859 296 3932 dictum
321 3860 362 3931 ll.
398 3863 431 3931 in
465 3862 691 3954 possessione
723 3857 887 3953 prelibata
930 3859 1123 3932 nullatcnus
1162 3858 1383 3954 inpediretis‚
1426 3882 1445 3929 a
1482 3880 1549 3952 quo

175 3959 350 4048 mandato,
377 3960 459 4032 licet
483 3959 634 4049 frivole,
660 3958 880 4055 appellastis,
918 3982 985 4031 nec
1009 3969 1122 4031 temen
1149 3959 1242 4030 illam
1268 3959 1355 4029 inlra
1379 3955 1550 4036 biennium

176 4061 337 4155 prosequi
362 4061 518 4134 curastis.
569 4059 713 4132 Biennio
741 4081 825 4132 uero
842 4058 961 4155 elapso
976 4057 1016 4132 ll.
1045 4057 1391 4134 deRaheushurc
1411 4080 1550 4132 memo-
