3774 4728
209 508 213 518 ¹
312 487 381 559 166
549 446 575 493 '⁵
885 463 1107 560 Monumenta

218 758 222 770 ,
308 685 429 758 eodem
456 689 543 772 iure,
569 709 635 780 quo
663 687 1007 782 celeriperiruuntur⁷
1034 691 1088 780 qui
1115 687 1448 758 sanctoPantaleoni
1464 689 1553 758 iusto
1571 683 1685 758 dona-

309 791 411 858 tionis
437 786 534 856 titulo
561 797 639 858 sunt
654 785 816 859 hactenus
832 787 991 880 delegati.
1019 789 1226 880 Quicumque
1241 797 1351 858 autem
1367 786 1454 858 bano
1469 786 1686 858 donationem

307 885 561 958 racionabiliter
595 897 629 957 et
668 887 820 978 legitime
853 887 976 958 iactam
1004 886 1222 981 calumpniari
1261 885 1316 957 uel
1355 889 1488 958 irritare
1522 907 1685 982 presum-

307 989 427 1082 pserit
453 989 536 1056 iram
564 997 599 1056 et
624 986 889 1081 indignationem
925 987 978 1058 dei
1016 990 1256 1082 omnipotentis
1284 997 1318 1056 et
1350 985 1440 1057 beati
1466 985 1685 1058 Pantaleonis
1770 998 1774 1005 '

307 1086 363 1156 bio
389 1096 423 1157 et
448 1088 481 1156 in
507 1085 619 1158 iuturo
660 1109 700 1159 se
731 1090 865 1158 nouerit
890 1090 1114 1158 incursurum.
1165 1087 1209 1159 Et
1247 1097 1284 1156 ut
1318 1085 1437 1158 eadem
1473 1086 1609 1157 donatio
1652 1089 1686 1157 in

306 1195 504 1281 perpetuum
531 1184 625 1256 firma
652 1197 785 1258 maneat
811 1198 845 1257 et
870 1186 1084 1276 inconuulsa⁷
1110 1190 1218 1281 ipsam
1255 1185 1409 1259 duximus
1436 1185 1687 1281 subscriptione

307 1289 443 1359 testium
470 1297 504 1357 et
529 1288 756 1380 impressione
782 1287 886 1379 sigilli
912 1286 1002 1358 beati
1028 1287 1163 1382 Kyliani
1179 1285 1460 1378 irrefragabiliter
1476 1289 1685 1358 conmunire.

307 1385 413 1456 liuius
441 1388 492 1456 roi
518 1395 627 1456 testes
654 1395 749 1458 sunt:
784 1386 983 1481 Propositus
1012 1385 1204 1475 Gerlacus,
1236 1390 1429 1480 prepositus
1467 1383 1685 1458 Gotheiridus

308 1483 350 1555 de
376 1483 613 1574 Gbulenberc‚
639 1484 855 1557 Dietberious
881 1486 1088 1576 Flosculus',
1114 1485 1227 1556 Rerno
1254 1489 1459 1575 canonieus,
1483 1485 1617 1579 lringus
1644 1485 1687 1556 de

308 1583 503 1657 Zabelstein
531 1595 661 1675 canton
688 1584 868 1678 Gerungus
895 1586 937 1657 de
962 1585 1203 1658 Eukeresbero
1228 1590 1468 1682 portenariusa
1496 1582 1593 1659 Clno
1622 1609 1685 1657 sa·
1798 1644 1805 1659 .

195 1717 198 1726 =
309 1683 445 1776 cardos,
471 1683 690 1758 Gotheiridus
710 1688 881 1757 viooarius
909 1697 944 1758 et
969 1685 1030 1759 sub
1058 1696 1187 1775 eustos
1211 1685 1425 1779 Berthungus
1453 1685 1617 1758 sacerdos
1645 1684 1687 1756 de

310 1787 428 1878 cripta,
453 1783 634 1857 Heinricus
659 1783 780 1858 Rufus.
832 1785 942 1857 Laici:
969 1785 1183 1858 Hermannus
1209 1783 1297 1856 filius
1325 1784 1480 1877 ononis,
1516 1785 1616 1857 Otbto
1644 1784 1687 1856 de

307 1883 476 1974 Heinstat‚
501 1883 721 1978 berengerus
748 1887 847 1958 miles
883 1885 971 1958 lilius
997 1885 1164 1958 Ricbalmi
1202 1895 1236 1956 et
1261 1885 1440 1958 Heinricus
1480 1886 1585 1956 irater
1612 1888 1685 1958 eius

309 1981 351 2054 de
378 1983 590 2070 Tbelebeim,
616 1984 818 2060 Ludewicus
846 1986 887 2058 de
913 1985 1127 2074 Berenrietb
1154 1979 1331 2057 Cirnradus
1358 1985 1400 2056 de
1425 1985 1558 2073 Thiara
1586 1981 1685 2057 otn-

307 2081 409 2155 radus
434 2083 630 2174 Uurmelin‚
666 2085 860 2158 Fridericus
887 2087 1068 2174 tenuere,
1104 2085 1419 2158 Heinricusmiles
1459 2085 1501 2156 de
1525 2085 1685 2175 Bronten,

306 2181 478 2256 Heroldus
506 2194 623 2256 custos
650 2183 838 2258 dormitorii
855 2187 1067 2261 dominorum
1084 2185 1126 2256 de
1139 2207 1283 2275 summo,
1308 2184 1556 2258 Wolirammus
1585 2185 1684 2256 soul-

306 2293 396 2356 tetus
424 2285 589 2378 prepositi
615 2282 803 2357 Gotheiridi
830 2285 871 2357 de
899 2285 1092 2375 Grutheim,
1117 2284 1298 2360 Heinricus
1326 2289 1489 2378 magister
1517 2285 1685 2380 oboquine

308 2383 533 2474 dominorum,
558 2382 804 2458 Wolirammus
830 2385 952 2473 Rufus,
978 2383 1137 2480 llisprebt
1162 2383 1282 2474 Naum,
1309 2395 1343 2456 et
1369 2385 1426 2456 alii
1443 2385 1683 2481 quamplures.

406 2514 493 2584 Acta
521 2521 598 2583 sunt
622 2511 688 2583 bec
713 2535 801 2586 anno
830 2513 998 2585 dominice
1023 2512 1264 2584 incarnationis
1298 2513 1480 2586 millesimo
1515 2511 1685 2584 ducente-

308 2614 394 2684 simo
420 2615 554 2700 tercio‚
592 2611 776 2684 indictione
795 2620 926 2703 sexta,
962 2623 1128 2706 regnante
1164 2613 1417 2706 gloriosissimo
1453 2613 1684 2684 Romanorum

306 2733 391 2805 rege
416 2711 595 2806 Philippo,
631 2710 793 2786 Heinrico
828 2711 1121 2806 wirceburgensis
1157 2713 1308 2784 ecclesie
1349 2713 1461 2784 eleeto
1502 2716 1686 2800 existente,

306 2809 471 2882 Bertoldo
497 2809 590 2882 urbis
616 2809 771 2906 prefecto
797 2813 1005 2909 presidente.

517 3009 652 3094 Sigillum
675 3011 793 3092 capituli
816 3015 937 3074 maioris
961 3011 1109 3072 eoelemae
1130 3015 1310 3092 impressum
1332 3009 1426 3074 adest

922 3462 1065 3536 CLXVI.

571 3670 572 3678 ’
613 3751 618 3758 .
697 3651 903 3722 nummos.
938 3655 967 3722 9.
990 3657 1095 3722 liartil.
1139 3658 1299 3742 llerblpoli.

405 3857 577 3956 Philippus
602 3859 833 3932 Romanorum
875 3881 939 3931 rex
978 3860 1142 3956 approbat
1175 3869 1210 3932 et
1235 3857 1411 3934 confirmat
1438 3859 1687 3955 obligationem

306 3957 493 4032 reddituum
520 3957 771 4056 herbipolensis
806 3959 997 4051 ecclesiae,
1037 3983 1136 4055 quam
1170 3983 1233 4056 pro
1266 3960 1470 4034 liberatione
1508 3959 1688 4034 Wilbelmi

306 4062 467 4155 aquensis
503 4063 690 4155 praepositi
727 4059 906 4134 Heinricus
941 4059 1190 4158 herbipolensis
1227 4061 1358 4135 electus
1398 4061 1503 4152 iecit,
1541 4084 1687 4138 securos
