3774 4728
581 466 797 558 episcopatus
821 459 1117 555 wirciburgensis.
1482 467 1553 537 179

171 660 331 736 bereduru
366 661 410 734 ad
443 665 518 758 ipsa
551 661 744 734 molendina
769 663 1026 756 pertinentiam,
1069 659 1112 734 de
1144 659 1264 756 quibus
1300 659 1408 734 adbuc
1441 666 1551 735 minus

170 761 415 852 intelleximus,
440 761 507 834 boc
532 761 655 834 lactum
680 771 835 834 uosuum
862 759 983 833 debeat
1006 760 1064 856 uel
1089 764 1201 858 possit
1225 762 1261 832 iu
1285 763 1415 832 irritum
1439 784 1552 835 reuo-

170 865 251 952 cari,
276 859 354 934 Xlll
366 865 487 955 iugera
512 865 688 934 uinearum
705 859 903 934 Scullreb
914 882 990 932 erc
1015 859 1057 932 ud
1074 883 1157 936 usus
1172 871 1312 934 nostros
1328 864 1553 956 pertinentes,

169 965 203 1034 in
227 965 575 1056 reconpensationem
602 960 829 1036 confratribus
855 964 985 1034 nostris
1010 960 1217 1034 tradidimus.
1268 959 1315 1032 Vt
1339 971 1451 1033 autem
1486 961 1553 1034 bac
1677 1039 1680 1046 k

169 1072 288 1134 costra
316 1061 489 1156 delegatio
515 1059 655 1134 firmiori
682 1064 847 1134 consistat
861 1059 1001 1148 robore,
1028 1069 1063 1132 et
1076 1059 1318 1133 inuiolabiliter
1333 1060 1552 1150 obseruator,

170 1161 256 1234 banc
282 1161 446 1234 cartrrlam
473 1161 579 1256 sigilli
604 1165 714 1235 nostri
746 1163 907 1235 iussimus
940 1163 1158 1256 inpressione
1183 1162 1390 1252 consignari.
1442 1159 1550 1234 Huius

170 1265 219 1332 rei
239 1271 376 1348 testes:
405 1259 485 1334 Otto
511 1265 620 1334 maior
646 1264 864 1358 prepositus,
900 1261 1050 1334 Perseus
1077 1259 1248 1348 decanus,
1274 1259 1438 1334 Gerlacus
1465 1283 1552 1355 pre-

30 1345 31 1370 *
169 1364 301 1456 positus
326 1364 408 1434 noui
433 1365 646 1452 monasterii,
675 1360 910 1434 Theodericus
933 1362 1128 1455 prepositus
1156 1357 1348 1452 deHovge,
1372 1359 1549 1433 Arnoldus

169 1463 365 1556 prepositus
392 1459 435 1533 da
460 1460 728 1550 (lnolvesbacb,
764 1459 898 1554 lringus
934 1470 1075 1549 cantor,
1114 1458 1318 1532 Godclridus
1344 1464 1551 1556 prepositus,

168 1561 338 1632 ilenricus
365 1571 504 1650 custos,
541 1561 734 1635 Wemerus
761 1564 921 1655 scriptor,
945 1559 1177 1634 baldewinus.
1230 1557 1344 1632 Laici:
1371 1559 1551 1634 Heinricus

170 1659 379 1732 marscalcus
406 1659 448 1732 de
473 1661 584 1752 Lura,
609 1660 806 1754 Niduugus,
832 1658 1043 1752 Waldebcr,
1067 1659 1249 1732 Heinricus
1274 1657 1383 1732 Rufus
1409 1658 1553 1756 dapifer,

169 1760 269 1832 llvno
297 1759 508 1833 Wolvoldus
534 1771 568 1833 et
594 1761 653 1832 alii
678 1783 775 1855 quam
802 1760 929 1856 plures.
981 1757 1106 1832 Actum
1131 1781 1221 1832 anno
1248 1758 1416 1832 dominice
1432 1763 1551 1832 incar-

30 1903 32 1932 r
169 1863 317 1932 nationis
342 1859 495 1948 ddccix,
520 1860 705 1934 indictione
731 1857 836 1932 XHu.

378 2060 516 2208 Sipilppm
538 2018 654 2123 Ottonis
678 2062 810 2142 episcopt
833 2059 980 2142 appendet
1012 2075 1052 2122 ex
1080 2057 1138 2122 lille
1159 2062 1266 2122 sericis
1289 2055 1392 2122 viride
1416 2065 1446 2120 ct
1467 2059 1550 2124 rubri

381 2163 448 2208 coo
477 2165 502 2210 s.

685 2553 691 2565 ’
779 2603 956 2679 ccxxvi.

757 2803 845 2868 Anno
871 2801 962 2868 1209.

173 2987 249 3061 Otto
284 2985 577 3082 wirceburgensis
615 2989 790 3062 ecclesiae
821 2991 1004 3084 episcopus
1043 2989 1191 3086 capitulo
1234 2986 1271 3062 S.
1308 2989 1448 3087 Kyliani
1484 2989 1551 3063 duo

204 3087 400 3162 molendina
425 3091 459 3160 in
484 3087 624 3162 bleicba
650 3111 725 3161 cum
750 3088 850 3162 horto
876 3090 986 3185 pretio
1013 3099 1148 3162 centum
1174 3111 1364 3162 marcarum
1389 3087 1517 3162 vendit.

268 3253 308 3332 ln
333 3259 470 3334 nominc
496 3269 614 3332 sancte
641 3271 676 3332 et
700 3257 872 3332 indiuidua
897 3261 1067 3332 trinitatis.
1121 3257 1149 3331 0
1184 3255 1238 3330 dei
1278 3261 1388 3352 gratio
1419 3261 1553 3332 wirce-

175 3355 354 3452 burgensis
398 3355 549 3434 ecclesie
591 3361 773 3456 episcopus
812 3361 985 3432 uniuersis
1022 3357 1147 3431 christi
1184 3354 1363 3449 fidelibus,
1401 3361 1456 3454 qui
1488 3357 1555 3432 boc

177 3463 335 3555 scriptum
361 3460 587 3552 inspexerint,
614 3459 758 3532 salutem
785 3464 819 3532 in
845 3459 993 3532 domino.
1046 3461 1133 3547 Quia
1159 3467 1267 3532 status
1305 3461 1415 3531 tocius
1441 3457 1555 3532 mundi

180 3557 302 3631 labitur
328 3556 498 3651 etdebcit,
523 3563 757 3633 necessarium
783 3559 938 3632 duximus
952 3559 1119 3653 scripture
1133 3559 1328 3631 testimonio
1341 3557 1555 3649 confirmare,

178 3678 238 3750 que
265 3661 472 3730 transeuntis
498 3663 661 3754 temporis
687 3659 882 3734 uolubilitas
919 3661 1098 3732 consueuit
1122 3657 1287 3732 alienare.
1338 3658 1388 3731 Ea
1414 3668 1555 3754 propter

179 3760 256 3830 etati
283 3763 491 3854 presentium
513 3763 794 3834 et'successicni
818 3759 1008 3832 futurorum
1033 3768 1150 3832 notum
1177 3777 1259 3832 esse
1274 3761 1439 3853 cupimus,
1465 3757 1556 3853 quod

179 3854 218 3928 de
242 3860 411 3953 petitione
436 3859 644 3932 confratrum
668 3871 865 3934 nostrorum
890 3857 1183 3951 wirceburgensis
1221 3857 1372 3930 ecclesie
1407 3860 1555 3930 canoni-

180 3977 307 4048 corum,
332 3957 398 4030 duo
425 3958 618 4032 molendina
645 3964 710 4034 slta
736 3963 771 4032 in
795 3959 983 4033 Bleicba
1008 3979 1082 4030 cum
1107 3955 1219 4046 borto,
1247 3957 1445 4034 adnostros
1471 3981 1555 4032 usus

182 4055 350 4148 deuolute,
375 4073 450 4133 cunr
477 4061 570 4132 omni
594 4063 803 4154 integritate,
828 4081 892 4156 qua
917 4081 959 4132 ea
984 4057 1424 4229 llenricpsssssscultetus,
1458 4068 1556 4155 pater
