3776 4730
281 431 353 553 4⁷2⁰
864 417 1087 506 'manmena

285 640 437 732 ipsorum
471 631 709 704 beniuolencia
735 635 932 727 recepisse,
971 653 1046 703 curn
1084 635 1192 702 eciam
1232 641 1311 704 ante
1351 639 1470 704 nostra
1510 639 1665 724 tempora

279 732 471 808 huiusmodi
497 731 669 804 exbibioio
695 755 865 828 nunquam
891 731 993 804 luerit
1020 735 1217 820 instaurata,
1244 742 1348 804 etue
1374 753 1437 826 pro
1461 729 1574 826 aliquo
1590 733 1663 800 iure

280 847 336 907 aut
364 831 610 908 consuetudine
638 831 678 903 ab
706 835 790 928 ipsis
817 831 1008 905 huiusmodi
1035 831 1220 904 subsidium
1238 831 1480 904 deceteronos
1497 840 1663 926 petamus,

279 946 338 1022 aut
366 935 575 1006 adnostros
603 944 753 1006 transeat
778 955 1019 1023 successores,
1046 931 1087 1004 de
1116 932 1262 1006 consilio
1290 943 1525 1026 etconsensu
1551 933 1663 1002 tocius

280 1035 417 1130 capituli
443 1036 553 1106 nostri
580 1037 755 1105 statuimus
782 1043 818 1104 et
831 1033 1039 1118 ordinamus,
1066 1032 1478 1128 utsupradietaexaccio,
1505 1030 1664 1118 donacio,

279 1141 354 1211 siue
380 1137 535 1230 precaria
561 1136 594 1203 in
623 1144 796 1228 posterum
825 1158 844 1204 a
879 1133 1001 1222 nobis,
1037 1143 1093 1203 aut
1129 1135 1303 1205 anestrls
1331 1129 1594 1204 successoribus
1621 1130 1663 1202 de

278 1240 366 1324 iure,
392 1235 437 1306 de
460 1233 565 1322 laeto,
592 1254 654 1305 seu
682 1232 928 1306 consuetudine
954 1233 1147 1322 nullatcnus
1175 1237 1385 1328 requiratur,
1422 1233 1479 1304 'set
1512 1231 1687 1327 predicta'

281 1339 489 1409 uniuersitas
517 1335 601 1404 cleri
629 1344 669 1404 et¹
691 1334 806 1430 populi
839 1357 857 1404 a
887 1337 1066 1430 *peticione
1093 1333 1242 1428 predicta
1279 1335 1323 1406 sit
1359 1341 1524 1428 perpetuo
1551 1330 1665 1403 libera

281 1447 316 1508 et
342 1455 474 1508 secura.
528 1434 573 1505 Ut
597 1445 708 1508 autent
747 1438 899 1529 ipsorum
934 1433 1173 1506 beniuolencia
1208 1445 1243 1506 et
1266 1443 1448 1520 nostrum,
1486 1435 1665 1526 nostrique

283 1535 421 1632 capituli
448 1545 609 1606 statutum
633 1535 760 1629 liqueat
786 1533 963 1622 omnibus,
997 1545 1192 1628 presentem
1235 1535 1381 1606 litteram
1409 1531 1516 1626 sigilli
1540 1536 1664 1620 nostri,

281 1637 485 1732 capitulique
512 1637 622 1705 nostri
647 1635 753 1728 sigilli
780 1633 960 1706 karaotere
987 1639 1232 1706 conmunimus.
1288 1635 1409 1705 Datum
1433 1655 1522 1704 anno
1537 1631 1663 1704 domini

279 1733 491 1813 MGGLXX0·
509 1743 625 1826 sexto,
652 1739 685 1806 in
712 1734 766 1806 die
782 1744 900 1809 sancte
913 1734 1014 1824 Alce,
1039 1733 1254 1836 pontificatus
1272 1737 1382 1812 nostri
1395 1756 1484 1808 anno
1499 1731 1662 1810 seeundo.

490 1934 557 1998 Duo
578 1934 676 2020 stgttta
697 1933 875 2022 appendent.

911 2386 1040 2461 cuvb-

713 2587 803 2652 Anno
828 2583 936 2665 1276,
967 2538 1276 2668 12..septentrn.'..=
1333 2611 1338 2645 ι

282 2773 401 2846 Simon
428 2774 471 2848 do
499 2773 639 2862 Slitesa,
665 2771 870 2846 Ludewious
897 2773 939 2846 de
966 2773 1176 2866 Hobcnberg
1203 2778 1334 2858 senior,
1364 2785 1398 2846 ct
1422 2775 1591 2848 liudolfus
1621 2773 1664 2846 de

279 2871 488 2949 llurnobeim
514 2875 732 2962 scolasticus,
759 2877 915 2948 canonici
942 2873 1217 2970 herbipolenses,
1243 2889 1283 2948 se
1310 2875 1463 2968 obligent
1490 2876 1531 2946 ad
1558 2877 1662 2947 solu-

282 2977 418 3050 tionem
438 2978 583 3062 canonis
608 2997 655 3049 ex
680 2973 856 3050 oblatione
882 2979 914 3046 in
931 2973 1395 3068 Randoscclretproestauii,
1421 2978 1517 3048 arius
1532 2976 1664 3048 fructus

282 3074 508 3166 Manegoldus
556 3075 599 3148 do
632 3073 868 3168 Nuwenburg,
912 3079 1130 3169 praepositus
1164 3077 1351 3150 ‘ecelesiae
1399 3075 1663 3172 herbipolensis,

464 3174 628 3251 Heinrioo
655 3175 699 3248 de
723 3173 915 3267 Rebestog,
943 3177 1011 3246 civi
1038 3175 1285 3271 herbipolensi,
1309 3173 1476 3252 uendidit..

380 3339 454 3418 Nos
491 3341 641 3433 Simon
681 3343 722 3417 de
757 3343 955 3437 Slitese,
996 3342 1263 3420 Lvdewicus
1307 3346 1349 3419 de
1389 3343 1666 3440 Holteuberg

284 3447 414 3534 senior,
441 3457 475 3517 et
501 3442 724 3520 Redollus
752 3443 794 3518 de
818 3445 1091 3521 llvrncheim
1109 3447 1327 3538 scolasticus,
1354 3452 1509 3522 canonici
1524 3451 1664 3523 maioris

282 3547 434 3618 ecclesie
461 3543 713 3640 herbipolensis
739 3545 955 3640 presentibus
982 3556 1222 3642 protestamur,
1246 3547 1335 3644 qued
1361 3538 1662 3622 cumvenerabilis

281 3649 477 3742 prepositus
502 3656 621 3718 nostre
648 3644 799 3717 ecclesie
824 3645 1121 3742 Manegoldus
1157 3647 1198 3720 de
1223 3645 1510 3746 Nuwcuhurg
1535 3649 1664 3722 fructus

283 3743 1665 3844 oblacionissueinRandesackervendideritHeinriuodoRebestog

283 3849 349 3916 ciui
375 3845 607 3942 herbipolensi
633 3869 696 3942 per
732 3855 803 3921 tres
830 3854 1031 3944 autumpnos
1058 3871 1077 3918 a
1102 3847 1177 3920 data
1214 3847 1311 3923 huius
1347 3853 1473 3946 pagiua
1508 3855 1665 3948 proxime

285 3943 534 4044 subsequentes
560 3945 812 4042 percipiendos,
849 3969 913 4020 nos
941 3947 982 4020 ad
1006 3946 1213 4044 peticionem
1252 3947 1408 4046 predicti
1431 3955 1541 4030 nostri
1578 3970 1665 4046 pre-

286 4047 402 4147 positi,
422 4055 462 4156 ¹ut
487 4057 608 4157 nostro
626 4045 772 4146 capitulo
798 4069 965 4148 supereo
986 4059 1223 4167 precaueatur,
1246 4053 1465 4154 promisimus
1492 4064 1527 4141 et
1551 4055 1587 4129 iu
1601 4049 1666 4129 biis
