3774 4728
950 935 1093 1013 CCVIII.

916 1133 1006 1198 Anno
1033 1133 1121 1199 1225.

331 1321 518 1420 Capitulum
545 1324 684 1394 maioris
711 1319 883 1391 ecclesiae
909 1317 1001 1390 litem
1029 1319 1152 1392 dirimit
1177 1323 1266 1393 inter
1291 1321 1503 1415 confratres,
1528 1319 1708 1418 hospitalia

332 1421 369 1496 S.
394 1421 508 1517 Egidii
534 1433 568 1494 et
593 1421 625 1492 b.
642 1416 847 1492 Theoderici
863 1419 1062 1492 sacerdotes
1090 1431 1125 1492 et
1150 1419 1313 1494 Judaeum
1334 1417 1476 1493 Sdzkint
1504 1421 1548 1495 ob
1574 1443 1708 1518 aquae-
1827 1456 1833 1467 ·

567 1519 700 1592 ductum
725 1517 981 1592 subterraneum
1007 1523 1101 1590 iuxta
1127 1517 1260 1592 domum
1287 1521 1477 1618 hospitalis.

431 1682 469 1754 Ο.
506 1681 560 1752 dei
596 1684 705 1775 gratia
744 1677 1035 1774 wirceburgensis
1069 1680 1220 1754 ecclesIe
1257 1686 1367 1754 maior
1406 1684 1626 1778 prepositus,
1662 1681 1706 1754 Α.

330 1782 479 1854 decanus
504 1791 678 1876 totumque
705 1780 885 1876 capitulum
910 1781 1083 1852 uniuersis
1107 1791 1302 1876 presentem
1327 1785 1483 1880 pagiuam
1503 1783 1706 1877 inspecturis

330 1881 474 1956 salutem
511 1884 545 1954 in
572 1880 718 1953 domino.
771 1879 869 1952 Scire
909 1879 1065 1950 uolumus
1103 1883 1359 1954 uniuersitatem
1392 1892 1460 1954 tam
1485 1883 1707 1978 presentium,

375 2003 428 2052 am
452 1981 664 2070 futurorum,
700 1977 788 2076 quod
823 1977 1013 2052 confratres
1038 1979 1214 2076 hospitalis
1255 1983 1364 2053 sancti
1395 1979 1509 2075 Egidii
1547 1989 1582 2052 at
1615 1977 1707 2052 beati

330 2003 537 2154 ⁹diseederici
561 2091 681 2153 nostre
708 2081 851 2151 ciuitatis
880 2077 1100 2172 sacerdotes,
1127 2077 1246 2176 quihus
1274 2079 1415 2153 eandem
1441 2079 1575 2152 domum
1602 2101 1706 2151 oom-

331 2183 483 2254 misimus
509 2177 777 2277 procurandam,
814 2181 905 2250 omni
938 2181 1085 2269 actIoni,
1124 2201 1188 2274 que
1221 2179 1380 2276 hospitali
1406 2191 1525 2253 contra
1551 2177 1706 2270 Judcum,

312 2279 519 2373 ‚Sdzkint
545 2284 695 2369 nomine,
721 2277 935 2374 competebat
960 2301 1064 2374 super
1090 2301 1146 2368 eo,
1170 2279 1260 2374 quod
1286 2277 1507 2376 aqueductum
1525 2278 1706 2371 subterra-

329 2403 430 2453 neum
456 2383 549 2452 iuxta
576 2380 709 2452 domum
737 2401 830 2451 suam
858 2389 1083 2474 preparatum,
1109 2382 1139 2450 si
1165 2377 1364 2476 quandoque
1389 2376 1607 2469 dilaberetur,
1633 2379 1705 2452 suis

330 2477 474 2552 debebat
500 2479 686 2578 sumptibus
710 2501 896 2574 reparare,
930 2477 972 2550 de
1006 2478 1141 2573 capituli
1174 2484 1283 2551 nostri
1311 2499 1483 2554 consensu
1517 2487 1552 2550 ct
1577 2481 1705 2550 conni-

254 2641 265 2664 .
328 2585 444 2653 veutia
469 2585 713 2668 renuntiarunt,
735 2587 802 2650 tam
829 2581 957 2674 ipsum,
984 2595 1082 2672 quam
1109 2599 1192 2650 suos
1217 2577 1363 2652 heredes
1389 2577 1432 2650 de
1458 2581 1550 2652 omni
1576 2579 1706 2674 inpeti-

331 2683 431 2754 cicne
458 2683 593 2776 penitus
620 2677 853 2752 absolventes.
904 2673 1046 2772 insuper
1072 2677 1258 2750 adnatare
1284 2679 1496 2752 commodum
1523 2682 1557 2750 in
1583 2675 1706 2750 eodem

330 2779 519 2874 aqueductu
546 2801 621 2850 cum
647 2777 787 2850 iniirmIs
814 2775 1041 2849 accedendum
1068 2789 1257 2850 memorato
1283 2775 1393 2851 iudeo
1418 2783 1453 2850 in
1478 2777 1588 2851 forma
1613 2799 1705 2850 con-

327 2881 509 2976 positionis
535 2881 776 2974 promiserunt.
827 2876 955 2950 iudeus
982 2887 1093 2949 autem
1120 2876 1162 2952 da
1187 2875 1385 2974 prudentum
1403 2881 1567 2970 uirorum,
1593 2875 1704 2949 cieri-

330 2999 447 3050 ccrum
473 2989 508 3050 et
532 2977 711 3068 laicorum,
738 2977 883 3049 consilio
911 2996 972 3072 pro
998 2977 1057 3048 tali
1084 2979 1322 3074 conpositione
1348 2975 1395 3050 VI
1420 2977 1525 3050 libras
1545 2975 1705 3074 hospitali

329 3077 482 3170 contulit,
508 3078 627 3172 quibus
652 3087 896 3174 procuratores
922 3075 1123 3172 supradicti,
1149 3075 1191 3148 ad
1216 3078 1405 3174 proiectum
1427 3077 1567 3170 domus,
1593 3097 1705 3172 aque-

330 3177 464 3250 ductum
490 3176 619 3250 iirmum
647 3189 681 3249 et
705 3177 822 3250 utiIem
849 3176 890 3249 de
915 3199 1007 3248 nouo
1034 3188 1310 3268 construxerunt,
1337 3177 1547 3250 adIacentcm
1574 3187 1704 3273 stupam

330 3275 384 3349 diu
410 3277 573 3374 dilapsam
601 3286 635 3349 et
660 3275 811 3352 inutilem
845 3275 886 3348 de
913 3276 1032 3348 eadem
1057 3281 1201 3372 pecunia
1226 3287 1469 3350 restaurantes.
1521 3277 1705 3350 Promissis

329 3399 463 3474 quoque
489 3377 655 3452 adiectum
682 3387 747 3468 est,
772 3377 860 3472 quod
886 3379 915 3450 si
941 3387 1182 3472 procuratores
1210 3375 1391 3474 supradicti
1416 3371 1704 3473 ampliusaliquid

330 3475 493 3550 edificare
518 3477 723 3565 voluerunt,
757 3477 832 3550 sine
867 3475 965 3549 Iudai
1001 3477 1127 3549 sacient
1150 3487 1368 3550 nocumento.
1418 3475 1576 3549 Formam
1603 3479 1706 3570 igitur

328 3579 459 3678 ,prioris
484 3577 666 3673 priuilegii,
695 3576 872 3670 aliquando
898 3575 1030 3672 prefato
1057 3576 1166 3650 Judao
1192 3577 1315 3666 traditi,
1341 3575 1384 3650 de
1401 3585 1518 3649 cetero
1547 3576 1705 3650 uolumus

328 3698 399 3750 uon
423 3675 552 3749 ualere.
603 3675 655 3748 Ne
680 3696 765 3748 uero
793 3675 985 3772 sepedictus
1012 3673 1139 3750 iudeus
1167 3696 1269 3772 super
1290 3672 1356 3747 boc
1378 3675 1469 3749 iacto
1487 3673 1706 3770 calumpnimi

328 3778 386 3850 uel
412 3779 548 3869 grauari
573 3779 684 3871 possit
707 3779 741 3847 iu
766 3785 954 3871 posterum,
978 3787 1174 3872 presentem
1199 3779 1356 3871 paginam
1377 3773 1546 3848 conscribi
1560 3775 1704 3848 iacimus

332 3887 367 3948 et
390 3875 510 3948 horum
537 3875 729 3970 sigillorum
751 3886 873 3950 nostro
888 3875 1049 3950 uidelicet
1063 3885 1098 3948 et
1113 3873 1318 3950 confratrum
1340 3879 1521 3948 munimina
1536 3873 1703 3947 roborari.

429 3975 554 4050 Testes
580 3987 676 4050 suut:
714 3973 917 4048 GodeIridus
943 3971 1082 4048 maioris
1117 3975 1291 4065 ecclesie,
1325 3973 1457 4071 Symon
1493 3973 1535 4046 dc
1567 3975 1704 4070 IIquga,

329 4073 542 4152 Wemberus
585 4075 627 4148 de
662 4075 819 4166 Bleicba,
856 4075 1093 4171 parrochiani3
1133 4075 1312 4146 Heinricus
1352 4075 1394 4147 de
1428 4072 1704 4162 Witoldishusiu,
