3774 4728
298 477 370 567 bob
842 465 845 473 ’
886 439 1103 559 blonumenta
1207 471 1222 530 ·’

300 669 430 768 nobilis*
457 686 497 762 ad
511 679 739 761 testimoninm
757 687 964 786 quorundam
985 685 1215 761 veridicorum
1235 685 1355 758 eadem
1377 687 1449 756 iura
1466 683 1687 756 conmisimus

302 795 538 892 promittentes
568 787 644 860 lrino
670 787 747 859 inde
774 794 807 862 in
821 793 949 874 animas
963 798 1114 876 nostras,
1141 783 1229 882 quod
1247 809 1358 881 neque
1387 808 1451 857 nos
1469 807 1580 878 neque
1598 781 1687 856 idem

303 892 427 964 nobilis
453 891 646 962 nullatenus
675 888 883 972 ‹rllfenclamnr
910 899 1028 959 contra
1056 887 1214 984 aliquem,
1241 891 1295 981 qui
1324 907 1496 982 supereo
1524 887 1688 957 testimo-

302 997 392 1064 nium
421 979 545 1062 dixerit
574 991 738 1062 veritatis.
791 985 863 1060 Nos
893 993 1077 1084 episcopus
1105 990 1324 1059 commisimus
1340 986 1542 1061 relationem
1559 986 1688 1054 iunium

304 1093 498 1166 nostrorum
526 1087 739 1162 Sibotoni
765 1087 966 1179 Habere,
1002 1085 1208 1159 Conrado
1244 1086 1286 1158 de
1321 1081 1691 1171 Geroldisbusin,

303 1185 550 1288 liapbl‘oni,
587 1187 764 1262 Siirido
793 1187 861 1260 lilio
889 1187 1166 1278 llovlmanni,
1194 1185 1399 1260 Conrado
1427 1184 1692 1280 Tripiltrej,

297 1293 553 1370 'llerrnanno
581 1289 736 1375 Lo'sin,
764 1287 970 1360 Conrado
996 1287 1179 1378 Boemo,
1206 1285 1470 1360 Gotbelrido
1498 1283 1690 1372 Gruben,

307 1385 841 1484 GotlreboldoGreppbil
879 1399 913 1460 et
945 1387 1163 1460 Heinrico
1202 1387 1405 1482 Scbepin.
1457 1386 1576 1458 Dictus
1601 1405 1691 1456 vero
1757 1400 1767 1409 ·

307 1489 432 1588 nobilis
471 1491 629 1562 conmisit
664 1489 867 1560 relationem
902 1492 1022 1559 iuriam
1061 1509 1199 1561 suorum
1234 1485 1452 1560 Heinrico
1480 1485 1522 1558 de
1546 1483 1693 1560 Boeb-

306 1594 489 1688 pruniu,
522 1587 770 1678 blarlrollo,
808 1587 1044 1660 Frirlerico
1084 1586 1126 1659 de
1153 1587 1374 1678 Vrbusiu,
1412 1583 1694 1675 Wclvelino,

306 1687 654 1780 Bertboldolilio
681 1688 938 1782 Hermannj,
961 1687 1213 1759 bertholdo
1241 1687 1397 1778 Lenia,
1422 1683 1621 1759 Heroldo
1649 1685 1693 1756 de

309 1789 633 1878 Geltersbeim,
658 1785 896 1860 Fr‘irlerico
923 1789 1037 1863 fratris
1065 1791 1220 1878 comitis,
1252 1787 1432 1861 vaero
1459 1785 1529 1860 lilio
1555 1785 1694 1859 blein·

308 1889 447 1981 bardi,
472 1887 730 1962 R'einbardo
758 1887 799 1962 de
828 1887 1170 1980 Stulninberclr,
1197 1887 1411 1983 Billungo
1438 1885 1694 1963 lilio'aduoca·

309 1995 407 2063 tissa.
461 1991 525 2085 Qui
553 1995 672 2061 omnes
697 1999 835 2062 tam'ex
861 1999 956 2083 parte
982 1999 1114 2078 nostra,
1144 2011 1240 2084 quam
1268 2011 1312 2061 ex
1339 1997 1435 2086 parte
1462 1986 1541 2060 dicti
1567 1985 1693 2059 nobilis

307 2091 409 2184 jurati
436 2091 616 2180 dixerunt,
656 2088 744 2184 quod
780 2109 845 2160 nos
882 2099 916 2160 et
949 2087 1037 2159 idem
1074 2087 1198 2162 nobilis
1234 2087 1374 2184 quilibet
1412 2099 1566 2162 nostrum
1592 2109 1694 2159 naum

311 2189 434 2262 habeat
460 2189 636 2262 custodem
663 2190 771 2278 silue,
793 2187 869 2286 'qui
902 2192 1046 2284 prestito
1081 2191 1271 2263 iuramento
1304 2199 1468 2294 accusent
1502 2185 1695 2262 accusanda

314 2299 430 2363 coram
464 2289 579 2383 judice
614 2301 746 2363 nostro.
797 2285 879 2362 item
919 2287 1059 2385 quilibet
1099 2299 1251 2362 nostrum
1291 2287 1419 2361 babere
1454 2285 1555 2360 debet
1590 2309 1695 2362 vnum

311 2393 560 2464 licentialorem
599 2391 697 2464 silue.
763 2389 847 2462 ltem
888 2387 1027 2486 quilibet
1071 2399 1225 2462 nostrum
1276 2387 1403 2461 babere
1449 2387 1549 2460 (lebet
1591 2409 1697 2461 vnum

313 2495 510 2586 magistrum
537 2493 670 2564 ciuium.
722 2489 805 2562 ltem
832 2489 972 2588 qqilibet
996 2501 1148 2564 nostrum
1166 2576 1169 2587 .
1187 2487 1313 2562 babere
1350 2488 1452 2562 debet
1476 2511 1580 2561 vnum
1606 2487 1695 2560 linr-

314 2591 467 2684 scbunin,
493 2595 547 2686 qui
574 2583 780 2663 accusabunt
807 2587 996 2663 accusanda
1024 2599 1058 2662 et
1068 2590 1227 2684 jurabunt
1241 2587 1435 2662 fidelitatem
1451 2611 1567 2669 coram
1580 2587 1697 2682 judice

313 2703 446 2767 nostro.
498 2692 694 2766 Piscatores
721 2694 874 2764 seruient
900 2713 987 2786 equo
1015 2693 1157 2764 seruitio
1185 2687 1283 2762 nobis
1311 2699 1344 2761 et
1372 2689 1459 2781 sibi,
1497 2699 1531 2760 et
1566 2688 1702 2763 stabunt

312 2797 380 2887 juri
407 2790 597 2887 utrobique.
650 2791 734 2864 Item
762 2813 882 2864 omnes
909 2790 1138 2886 nnpbtarii
1166 2791 1301 2862 stabunt
1339 2793 1404 2861 iuri
1438 2811 1555 2861 coram
1589 2788 1701 2861 indice

316 2904 449 2966 nostro.
509 2891 592 2964 ltem
625 2893 752 2964 iaciant
789 2915 909 2964 omnes
947 2891 1137 2966 vendentes
1174 2902 1209 2963 et
1246 2900 1412 2963 ementes.
1472 2888 1557 2962 ltem
1591 2891 1703 2962 nostri

317 2992 446 3064 iudices
475 3002 509 3063 et
533 2992 715 3065 thelonarii
741 2991 868 3064 nullum
903 2991 1106 3064 interdicent
1138 2996 1172 3066 in
1206 2989 1305 3064 bouis
1340 2989 1419 3062 dicti
1455 2989 1581 3064 nobilis
1607 2993 1703 3062 curie

318 3091 560 3182 attinentibus,
600 3096 666 3164 nisi
707 3092 809 3164 luerit
849 3091 912 3163 de·
934 3089 1072 3164 licentia
1111 3097 1163 3164 sui
1206 3089 1405 3165 scoltbeti.'
1443 3087 1527 3162 ltem
1568 3089 1704 3162 becb-

319 3196 476 3281 sniter‚
503 3197 558 3287 qui
585 3205 662 3267 sunt
688 3214 877 3282 messores,
904 3189 1094 3288 ubieunque
1122 3191 1266 3266 babeant
1291 3189 1524 3282 residentiam,
1551 3194 1706 3264 seruient

319 3293 419 3365 nobis
464 3304 498 3364 et
536 3293 628 3365 lacto
669 3295 833 3381 seruitio,
870 3314 938 3364 non
980 3303 1117 3388 petetur
1151 3289 1275 3386 aliquid
1313 3289 1355 3362 ab
1396 3295 1447 3364 eis
1487 3301 1704 3386 preterquam

320 3396 353 3464 in
386 3391 491 3482 lesto¹
512 3393 710 3483 Michaelis,
751 3395 816 3464 nisi
850 3391 936 3465 adeo
975 3393 1095 3466 diuites
1128 3393 1280 3481 luerint„
1311 3390 1401 3486 quod
1435 3393 1546 3464 minor
1584 3393 1705 3487 petitio

310 3494 495 3565 ‘relaxetur
529 3491 676 3565 eisdem!
729 3491 812 3565 ltem
845 3511 1079 3588 quamcunque
1112 3491 1295 3564 fecerimus
1330 3495 1519 3587 precariam
1554 3493 1589 3565 in
1622 3495 1706 3564 vino

321 3591 380 3667 vel
406 3595 440 3666 in
466 3593 628 3682 denariis,
654 3593 756 3664 talem
785 3604 819 3664 et
836 3586 990 3666 'similem
1029 3595 1172 3688 recipiet
1202 3591 1291 3665 idem
1328 3590 1478 3682 nobilis,
1518 3601 1554 3664 et
1586 3603 1707 3668 nostra

321 3697 479 3790 precaria
506 3691 669 3790 precedet
695 3715 802 3769 suam.
854 3692 937 3766 Item
965 3695 1132 3788 recipient
1168 3714 1234 3766 nos
1260 3695 1355 3768 ciues
1394 3695 1427 3764 in
1454 3691 1603 3789 bospitio
1630 3714 1706 3766 cum

313 3793 515 3894 ¹hominibus
542 3797 671 3868 nostris
699 3791 828 3888 absque
854 3811 1008 3887 numero.
1059 3791 1172 3890 lpsnm
1199 3803 1309 3866 antem
1336 3815 1406 3866 non
1435 3795 1614 3890 recipient,
1639 3794 1706 3868 nisi

325 3916 400 3966 cum
427 3903 570 3988 quatuor
597 3882 755 3968 militibus
783 3903 962 3966 eteorum
989 3889 1216 3968 seruientibus
1243 3903 1278 3964 et
1289 3891 1526 3966 ministrabunt
1543 3897 1574 3966 ei
1588 3915 1707 3966 cenam

325 4003 360 4064 et
385 3992 559 4093 prandium
585 4015 701 4084 vnum,
727 3997 762 4064 et
786 3990 941 4092 pabulum
967 3992 1178 4066 nocturnale.
1231 3991 1312 4066 ltem
1341 3993 1446 4088 siquis
1485 3995 1606 4065 emerit
1631 3993 1708 4066 len

327 4091 370 4164 de
399 4095 514 4186 curia,
546 4115 611 4188 que
638 4086 834 4194 vpcnhof
856 4089 999 4186 dicitnr,
1026 4099 1060 4164 el
1087 4101 1165 4166 ante
1191 4095 1396 4190 emptionem
1422 4097 1611 4188 precariam
1638 4115 1715 4200 non*
