3768 4728
625 358 844 454 episcopatus
870 352 1166 454 niuiburgcusir.
1528 355 1605 436 iiii

224 573 289 618 cum
313 574 422 640 magna
444 558 566 620 instaret
595 555 765 639 diligentia,
799 562 832 619 ut
863 554 902 619 de
935 557 1087 620 solutione
1108 559 1257 638 pecunie,
1293 573 1333 620 er
1354 555 1507 641 legatione
1529 555 1609 622 bone

181 669 188 684 ·
224 647 368 704 memorie
389 647 482 724 patris
505 647 552 705 sui
574 647 691 705 comitis
714 641 868 706 Ottonis
892 640 931 705 de
953 641 1225 705 Botenlevben
1248 642 1318 706 dlotl
1350 643 1410 706 loci
1432 641 1608 723 fundatoris,

224 727 300 792 dicto
324 733 508 791 monasterio
530 728 641 806 debite,
664 727 803 791 videlicet
814 725 852 789 dc
864 732 1065 812 septingentis
1081 735 1111 791 et
1126 732 1342 813 qulnquaginta
1357 733 1466 792 marcis
1481 735 1609 816 argenti,

224 811 342 894 quode
365 833 479 876 summa
503 819 659 897 emptionis
683 819 774 878 casiri
797 813 1071 878 Botonlevben
1092 820 1303 877 remanserant
1329 831 1389 877 non
1411 815 1526 895 solute,
1556 820 1609 878 ln·
1676 817 1681 825 '

225 897 346 962 tendere
370 917 553 979 curaremus,
578 905 607 961 et
628 903 658 962 in
679 899 737 963 boc
759 903 815 982 ipsi
838 903 1019 962 manasterio
1042 896 1236 983 dignaremur
1258 906 1382 984 paterna
1409 899 1610 964 sollicitudine

223 983 1090 1150 illinisti,iittittltitiiliiiil
1109 985 1481 1152 iiiiiniiilitt
1503 985 1610 1156 {itii

221 1164 253 1218 et
276 1155 372 1220 lauori
395 1161 611 1238 assumpsimus
634 1156 713 1220 idem
737 1161 962 1236 monasterium,
985 1161 1050 1220 cius
1066 1156 1254 1222 commodum
1277 1156 1447 1242 diligentes,
1470 1157 1507 1224 ad
1521 1159 1610 1222 solo·

226 1247 335 1304 tionem
358 1240 504 1306 dictarum
527 1247 784 1328 septingentarum
807 1249 838 1304 et
859 1245 1076 1326 qulnquaginta
1098 1261 1264 1306 marcarum
1287 1247 1496 1328 cognominus,
1519 1243 1610 1308 etde

225 1331 317 1390 nostri
341 1328 460 1409 capituli
483 1345 647 1406 consensu,
669 1327 749 1390 bona
772 1334 873 1390 nostra
895 1333 925 1390 ln
947 1327 1191 1414 Egenbusen‚
1215 1335 1246 1390 et
1272 1329 1405 1392 decimas
1427 1325 1610 1393 inllacb·

226 1411 444 1492 tolshusen,
468 1419 498 1476 et
519 1419 549 1476 io
571 1410 962 1493 Eluerlcbesbusen,
995 1431 1050 1496 pro
1072 1419 1246 1498 quingentis
1275 1419 1388 1478 marcis
1409 1412 1610 1495 uendldtmus,

230 1505 259 1560 et
281 1497 417 1562 dedimus
449 1498 528 1561 dicto
550 1503 730 1565 monasterio
763 1503 953 1581 proprietatis
986 1503 1109 1563 nomine
1140 1506 1287 1583 perpetuo
1319 1499 1522 1582 possidenda,
1552 1499 1611 1564 boc

226 1589 372 1666 apposito,
395 1581 474 1665 quod
498 1589 523 1646 si
546 1603 613 1664 nos,
634 1584 685 1647 uel
708 1602 908 1648 successores
930 1587 1024 1648 nostri
1047 1603 1084 1648 ea
1107 1603 1208 1648 emere
1228 1603 1284 1668 pro
1307 1589 1480 1670 quingentis
1502 1591 1611 1650 marcis

225 1673 341 1756 argenti
363 1671 559 1750 uoluerimuS,
580 1675 645 1752 ipsa
669 1667 786 1733 emendi
810 1669 933 1732 liberam
954 1669 1129 1734 habebimus
1143 1677 1333 1753 potestatem,
1356 1678 1386 1734 et
1408 1671 1558 1736 abbatissa
1582 1681 1612 1738 et

225 1761 393 1818 conuentus
416 1759 596 1838 emptionem
618 1755 787 1818 huiusmodi
809 1773 869 1819 non
892 1755 1005 1820 debent
1037 1755 1124 1822 nobis
1155 1763 1205 1819 aut
1236 1755 1464 1822 successoribus
1499 1763 1609 1822 nostris

226 1841 410 1922 atiquatenus
433 1839 603 1926 denegare,
633 1847 712 1906 sicut
733 1841 825 1905 trater
847 1840 938 1906 Otto
970 1846 1089 1906 nomine
1121 1859 1224 1906 earum
1256 1847 1288 1906 ln
1320 1850 1422 1908 nostra
1456 1849 1610 1926 presentia
1665 1843 1682 1866 ⁵

225 1931 403 2008 repromisit.
443 1927 673 2011 nssrgmunms
688 1932 777 1990 etlam
793 1932 822 1990 et
838 1925 1010 1992 theloneum
1025 1927 1176 2012 lignorum
1192 1933 1320 1994 ciuitatis
1337 1935 1440 1992 nostre
1457 1927 1561 1992 erc
1572 1947 1610 1991 o-

225 2011 332 2097 burg,
356 2018 385 2075 et
407 2009 577 2076 theloneum
600 2011 749 2095 pecudum
772 2032 807 2076 uc
830 2019 995 2094 precariam
1018 2021 1152 2078 nostram
1173 2011 1300 2094 ibidem,
1330 2021 1362 2078 ut
1392 2013 1430 2078 de
1463 2013 1610 2080 theloneis

226 2103 438 2182 quinquaginta
461 2117 588 2178 marcas,
613 2105 642 2161 et
665 2098 703 2161 de
725 2103 861 2182 precaria
877 2103 1092 2184 quinquaginta
1114 2117 1231 2163 marcas
1246 2105 1391 2182 recipiant
1405 2104 1435 2162 ln
1449 2099 1507 2163 boc
1523 2119 1611 2180 antro,

227 2191 255 2245 ct
276 2189 307 2246 ln
331 2189 470 2266 sequenti
493 2201 571 2247 anno
593 2183 632 2248 de
655 2183 769 2247 eisdem
791 2183 939 2247 theloneis
962 2185 1177 2332 qulnquaginta
1202 2203 1336 2265 marcas,
1361 2191 1391 2248 et
1413 2183 1451 2248 de
1473 2191 1611 2268 precaria

226 2277 345 2331 centurn
368 2285 493 2333 mareas.
538 2269 641 2332 Etsic
663 2269 756 2332 irater
777 2267 871 2332 Otto
894 2275 1037 2334 restitutis
1059 2289 1098 2333 no
1119 2275 1145 2334 is
1165 2275 1362 2334 instrumento
1384 2271 1537 2353 principali
1549 2318 1559 2352 ,
1582 2279 1612 2332 et

226 2355 290 2418 aliis
313 2359 518 2418 instrumentis
551 2356 590 2418 dc
619 2356 804 2439 obligatione
833 2355 980 2418 bonorum
1013 2364 1183 2420 nostrorum
1213 2375 1268 2439 pro
1301 2357 1381 2419 mille
1412 2361 1443 2418 et
1472 2357 1611 2420 ducentis

228 2445 335 2503 marcis
359 2445 414 2524 ipsi
438 2445 620 2504 rnonasterio
655 2439 732 2504 lacta
764 2439 860 2518 datis,
891 2443 1030 2504 clamauit
1053 2445 1173 2506 nomine
1201 2446 1372 2505 monasterii
1401 2447 1463 2523 sui,
1495 2459 1551 2504 nos
1581 2450 1610 2505 et

230 2527 390 2589 ecclesiam
424 2533 555 2589 nostram
588 2526 624 2590 ab
657 2529 737 2590 omni
774 2523 874 2588 debito
902 2525 1067 2590 absolutos.
1119 2525 1156 2590 Et
1181 2535 1213 2592 ut
1242 2525 1299 2589 bec
1329 2531 1478 2609 premissa
1511 2531 1610 2591 omniu

228 2615 376 2676 uniuersis
400 2612 558 2694 patefiant,
592 2621 620 2675 et
643 2611 728 2676 nobis
750 2619 780 2672 et
803 2613 932 2674 ecclesie
953 2611 1176 2696 herbipolensi,
1206 2631 1241 2676 ao
1274 2611 1354 2676 dicto
1377 2617 1558 2676 monasterio
1580 2617 1611 2674 ln

226 2704 403 2780 perpetuum
423 2697 634 2762 inuiolabiliter
655 2699 866 2776 obseruentur,
889 2715 1016 2780 presens
1032 2703 1171 2780 scripturn
1195 2697 1258 2762 deri
1276 2703 1428 2776 iussimus,
1452 2705 1482 2759 et
1495 2705 1610 2777 nostro,

228 2781 347 2864 capituli
369 2788 462 2845 nostrl
486 2791 515 2844 et
537 2786 631 2865 ipsius
654 2788 828 2846 monasterii
859 2801 894 2845 ac
925 2782 1069 2866 sepedicti
1093 2783 1192 2847 fratris
1215 2783 1332 2848 Ottonis
1354 2785 1461 2867 sigillis
1484 2783 1610 2846 lecimus

228 2873 257 2930 in
280 2873 481 2932 testimonium
503 2870 647 2934 roborari.
694 2869 817 2934 Testes:
840 2868 1037 2951 blsrquardus
1058 2875 1240 2952 prepositus,
1262 2867 1445 2934 Godelrldus
1466 2869 1610 2948 demnas,

226 2954 378 3018 Arnoldus
401 2955 590 3032 scolasticus,
614 2954 785 3018 Fridoricus
808 2962 924 3035 cantor,
948 2955 1031 3038 (ipso
1053 2953 1092 3018 de
1114 2955 1196 3037 lara,
1221 2954 1410 3022 burchardus
1433 2955 1471 3018 de
1490 2955 1609 3019 libers-

228 3039 331 3120 bercb,
355 3037 560 3107 Theodericus
583 3041 621 3104 de
643 3041 761 3122 Apollo,
784 3040 944 3106 Heinricus
968 3041 1006 3104 de
1029 3041 1223 3126 Stubewege,
1247 3040 1403 3106 cunradus
1425 3048 1456 3104 et
1477 3040 1548 3106 Otto
1571 3041 1610 3104 de

226 3123 420 3205 buterbercb,
442 3123 544 3207 boppo
568 3125 605 3188 de
628 3125 818 3210 Trimpmcb,
848 3125 995 3192 Henricus
1018 3125 1224 3206 Cremsarius,
1253 3133 1283 3190 et
1308 3129 1357 3192 alit
1387 3146 1476 3210 quarn
1506 3127 1610 3208 plures

228 3216 362 3274 carronlci
387 3216 506 3273 maioris
522 3213 669 3288 ecclesie;
692 3211 881 3276 Hermannus
897 3212 1038 3291 decanus,
1062 3218 1205 3360 rnaffister
1225 3211 1418 3276 Eberhardus
1436 3213 1611 3278 scolasticus

229 3305 259 3358 et
280 3295 469 3359 Wernberus
492 3301 629 3376 scriptor,
652 3302 787 3360 canonici
811 3301 882 3361 noui
905 3301 1095 3374 monasteril;
1146 3298 1312 3380 arquardus
1329 3297 1488 3380 Orphanus
1503 3317 1610 3360 come·

116 3429 122 3440 .
228 3387 340 3461 rarius,
371 3379 524 3445 Cunradus
554 3383 651 3445 'lorso
681 3383 813 3465 dapifer,
843 3381 913 3446 Otto
936 3381 974 3446 de
996 3383 1177 3465 Espenuell,
1209 3383 1279 3447 Otto
1306 3386 1403 3448 dictus
1432 3383 1610 3461 Wollslrele,

228 3467 376 3530 ilenricus
398 3472 557 3549 pincerna,
586 3468 738 3532 lotrannos
761 3475 919 3550 pincerna,
949 3468 1118 3532 Ricbalmus
1140 3469 1240 3550 Hace,
1266 3469 1409 3534 Albertus
1432 3476 1463 3532 et
1483 3469 1611 3532 llarolus

229 3552 267 3615 de
291 3551 404 3616 Bercba
427 3561 457 3616 et
478 3555 526 3617 alil
549 3573 637 3635 quam
660 3555 772 3636 plures.
816 3554 923 3617 Actum
940 3573 1017 3618 enno
1039 3555 1148 3619 domini
1163 3555 1364 3635 dccxlvii,
1388 3555 1433 3620 lv,
1449 3554 1516 3620 idus
1532 3553 1611 3634 tutti,

228 3637 387 3702 indictione
409 3637 455 3720 V,
477 3639 667 3722 pontificatus
690 3645 782 3703 nostrl
806 3658 885 3704 anno
907 3645 1052 3704 vicesimo
1075 3640 1219 3706 seeundo.

438 3844 555 3909 Editum
583 3853 612 3912 ln
640 3847 753 3934 laeger
775 3845 956 3914 Gesoblcbte
986 3845 1032 3912 lli.
1057 3867 1086 3932 p.
1108 3844 1298 3929 too-tos,
1330 3854 1360 3911 et
1390 3851 1421 3909 lu
1450 3843 1610 3910 Bccbstelu
1743 3802 1747 3810 .

442 3963 621 4030 Gcscldobie
642 3987 670 4051 p.
697 3965 765 4032 153.
789 3965 840 4032 Νι.
863 3962 914 4030 33.
1202 4051 1277 4128 w
