3774 4728
338 439 410 512 212
440 476 444 484 ¹
943 433 1160 512 Monumentu

341 644 554 738 prescriptos
578 659 662 712 usus
687 639 815 710 utiliter
841 637 1063 734 expendatur,
1090 647 1124 708 ct
1150 637 1180 708 si
1196 634 1366 707 dominum
1389 637 1600 731 episcopum
1625 634 1715 730 quud

338 741 447 831 absit,
486 750 564 812 ante
597 739 678 811 facti
704 739 802 812 huius
829 740 1154 812 consummationem
1194 739 1282 807 mori
1318 739 1522 830 contigerit,
1558 735 1717 808 iurabunt

326 845 453 932 etiem,
478 861 645 935 nunquam
670 843 848 936 pecuniam
875 837 1082 935 sepedictam
1107 835 1149 908 ab
1175 836 1289 932 aliquo
1315 857 1556 911 successorum
1576 857 1715 911 suorum

337 939 498 1038 expendi,
522 942 590 1013 nisi
616 937 894 1034 quemadmodum
920 942 955 1010 in
982 941 1110 1033 scripto
1135 937 1334 1034 precedenti
1361 948 1414 1012 est
1438 937 1566 1010 utiliter
1590 937 1715 1033 dispo·
1790 967 1794 975 ·

337 1045 437 1115 situm
465 1051 500 1112 at
523 1039 669 1112 fideliter
696 1039 917 1112 ordinatum·
946 1039 1111 1110 Pretereu
1137 1037 1293 1113 dominus
1318 1042 1499 1135 episcopus
1532 1037 1624 1111 buna
1647 1037 1716 1110 fide

336 1143 505 1238 promisit,
531 1139 621 1236 quod
647 1139 690 1212 de
715 1139 810 1212 mille
835 1141 980 1230 marcis,
1019 1161 1102 1233 quas
1129 1142 1249 1234 recipit
1273 1138 1316 1210 de
1340 1143 1451 1235 pretio
1477 1139 1584 1234 predii
1610 1149 1714 1211 ante-

336 1241 436 1333 dicut„
469 1241 586 1314 solvet
622 1241 768 1335 capitulo
794 1238 940 1312 debitum
968 1243 1225 1334 quingentarum
1251 1259 1451 1331 marcarum,
1476 1263 1559 1334 quas
1578 1238 1618 1311 ab
1637 1241 1714 1334 ipsc

337 1342 486 1439 capitulo
513 1351 629 1413 mutuo
656 1343 879 1434 cognoscitur
905 1343 1120 1434 recepissc.“
1161 1339 1258 1412 llunc
1283 1339 1415 1434 quidem
1443 1349 1653 1412 contractum
1679 1344 1715 1412 in

336 1442 426 1514 lrunc
451 1441 588 1514 modum
614 1441 740 1536 placuit
765 1444 951 1512 inmutare:
978 1441 1104 1513 (lmues
1120 1439 1283 1531 redditus,
1309 1463 1394 1535 quos
1423 1463 1468 1512 cx
1483 1443 1715 1537 ipsepecunia

337 1542 379 1615 da
404 1541 619 1615 Lumbach
658 1537 835 1614 soluera'nt
870 1553 905 1613 et
938 1545 1069 1613 instra
1094 1543 1336 1637 procuratione
1362 1541 1550 1634 habehantq
1589 1541 1714 1613 domno

336 1647 502 1740 episcopo
530 1645 686 1715 canonici
711 1641 934 1736 reliquerunt⁷
960 1644 1103 1712 retentis
1131 1639 1194 1712 sibi
1221 1640 1474 1735 quadringentis
1495 1642 1604 1733 libris7
1630 1665 1714 1738 quas

336 1743 585 1816 Heinricus
612 1753 730 1816 custos
755 1753 790 1814 et
804 1742 1066 1814 Fridericus
1083 1752 1214 1828 cantor,
1240 1763 1382 1835 quorum
1398 1742 1476 1814 lidei
1494 1747 1715 1816 commissum

337 1854 403 1935 est,
430 1844 596 1936 colligent
619 1847 801 1917 annuatim.
827 1841 1057 1914 videlicet-da
1083 1852 1220 1914 moneta
1245 1843 1408 1915 ducentas
1428 1843 1545 1934 libras
1570 1844 1614 1916 de
1631 1841 1714 1915 the-

336 1943 431 2016 lonio
456 1947 491 2015 in
518 1942 666 2015 Sande
693 1955 826 2015 cantum
853 1942 971 2031 libras,
998 1942 1040 2012 de
1066 1941 1229 2013 theloneo
1255 1965 1418 2037 pecorum
1444 1947 1565 2038 viginti
1596 1943 1716 2036 libras

337 2045 380 2115 dc
404 2044 557 2116 thelonio
580 2044 751 2137 lignorum
778 2042 883 2116 libras
909 2042 1120 2138 quindecimq
1152 2042 1195 2113 dc
1232 2053 1359 2116 statera
1397 2042 1502 2118 libras
1536 2043 1714 2129 tredecim,

337 2143 379 2216 du
406 2144 520 2217 officio
548 2143 872 2217 lroueschultheizen
898 2143 1003 2215 libras
1030 2153 1135 2232 octo‚
1172 2143 1215 2214 de
1240 2143 1402 2216 theloneo
1440 2167 1604 2242 equorum
1630 2157 1716 2238 tres,

336 2244 380 2316 de
404 2243 728 2318 Randesackcr
767 2242 870 2316 libras
896 2246 1034 2337 triginta
1060 2254 1202 2338 septem.
1253 2241 1290 2314 ln
1326 2245 1391 2318 hiis
1431 2257 1541 2317 autern
1576 2249 1606 2319 si
1639 2250 1714 2342 quis

336 2345 427 2418 forta
452 2345 653 2440 quandoque
678 2343 833 2416 delectus
858 2343 1049 2432 habebitne
1076 2343 1276 2438 ubicumque
1310 2345 1390 2418 alibi
1414 2347 1601 2441 placuerit,
1637 2351 1713 2418 sine

337 2447 605 2518 contradictione
631 2445 781 2539 qualibet
812 2447 957 2539 recipiet
988 2445 1260 2540 supplementum
1295 2456 1329 2516 et
1362 2447 1504 2518 eandem
1536 2451 1713 2542 pecuniam

337 2551 506 2620 mutuatim
546 2545 727 2619 collectam
767 2543 809 2615 ad
853 2545 1059 2616 solutionem
1100 2547 1318 2642 episcopatus
1361 2557 1395 2617 et
1431 2551 1712 2642 conquisitionem

336 2646 532 2744 prediorum
558 2669 620 2744 pro
647 2653 805 2719 restauro
831 2643 1043 2716 Lambach
1076 2653 1113 2714 et
1145 2667 1215 2718 non
1247 2645 1425 2738 adalind,
1462 2651 1528 2720 nisl
1563 2649 1715 2742 legitima

337 2751 528 2821 necessitas
553 2745 734 2834 incumbat7
761 2754 859 2818 caute
886 2756 920 2816 et
944 2744 987 2816 da
1003 2748 1172 2818 communi
1199 2747 1345 2819 consilio
1363 2747 1499 2844 capituli
1516 2747 1716 2822 distribuent

336 2860 372 2920 et
396 2857 598 2920 conuertunt
621 2857 689 2918 tam
716 2867 770 2936 ca,
795 2869 861 2941 que
886 2846 1072 2934 soluerintq
1098 2869 1195 2940 quum
1223 2849 1315 2942 ipsas
1331 2848 1594 2943 quadringentas
1608 2850 1714 2922 libras

336 2951 371 3020 in
397 2951 450 3022 sui
476 2951 716 3044 procuratione
743 2943 908 3020 habentes
935 2957 970 3017 et
996 2946 1169 3038 custodia7
1203 2969 1379 3043 quousque
1417 2971 1537 3022 omnes
1564 2949 1714 3026 redditus

337 3051 568 3145 episcopatus
594 3046 696 3119 modu
724 3045 877 3140 obligati,
903 3049 971 3120 sint
997 3047 1099 3119 soluti
1126 3058 1159 3117 et
1185 3057 1376 3120 restaurum
1403 3053 1436 3122 in
1460 3054 1715 3146 comparatione

335 3146 548 3222 Lamhach
572 3147 748 3222 sufficiens
775 3147 949 3220 habeatur.
999 3147 1038 3218 Si
1065 3157 1174 3218 autem
1204 3149 1327 3244 aliquid
1353 3149 1395 3221 de
1421 3161 1558 3222 moneta
1583 3151 1640 3223 uel
1671 3151 1714 3224 de

336 3247 414 3323 aliis
439 3249 645 3348 superfuerit
669 3251 704 3321 in
729 3269 813 3322 usus
839 3247 952 3320 domni
979 3249 1131 3343 episcopi
1159 3259 1388 3321 conuertetur.
1440 3252 1601 3326 Promisit
1615 3255 1715 3324 etiem

269 3375 273 3396 ⁸
336 3351 491 3426 dominus
517 3355 700 3448 episcopus
726 3349 802 3422 data
827 3347 894 3420 fide
927 3360 963 3420 et
988 3349 1051 3421 sub
1077 3359 1301 3421 sacramento
1327 3354 1360 3422 in
1397 3354 1502 3446 priori
1539 3364 1714 3425 contractu

335 3457 492 3548 prestito,
517 3463 552 3523 ut
573 3471 740 3546 nunquam
766 3447 892 3546 aliquid
917 3449 958 3520 dc
984 3448 1147 3522 reditibus
1174 3449 1237 3522 sibi
1263 3452 1392 3522 relictis
1419 3452 1543 3524 uendut
1573 3453 1628 3524 uel
1655 3455 1714 3525 in-

336 3553 465 3646 feudet,
490 3552 550 3624 vel
576 3552 689 3646 aliquo
716 3551 931 3622 alienationis
958 3549 1054 3621 titulo
1081 3550 1226 3640 alienetq
1264 3554 1350 3642 nisi,
1375 3561 1411 3624 ut
1435 3551 1622 3648 predictum
1647 3561 1715 3646 cst,

335 3656 552 3728 necessitatis
579 3651 723 3724 articulo
749 3654 942 3744 ingruente.
993 3647 1083 3720 Acta
1108 3660 1185 3722 sunt
1210 3650 1275 3722 hec
1300 3673 1389 3723 anuo
1416 3653 1713 3727 dominiceincar-

335 3757 483 3828 nationis
509 3752 693 3828 millesimo
720 3750 954 3826 ducentesimo
979 3752 1147 3825 vicesimo
1174 3751 1337 3824 secundo.

542 3923 589 3988 Ex
611 3921 686 3988 libro
708 3923 815 4008 copialr'
837 3921 1030 4006 Bebenburg.
1074 3920 1138 3988 Ful.
1162 3917 1225 3988 367
1246 3921 1296 3988 Νι.
1318 3922 1416 3991 xttv.

421 4073 450 4154 ¹)
468 4063 543 4138 ¹llud:
566 4079 740 4140 innovarunt.
