3776 4730
886 415 1105 494 haemona

934 725 1085 801 GDXIX.

705 928 797 1018 ,nnuc
822 925 932 1011 1278,
955 928 985 994 2.
1008 929 1114 1008 Martii,
1136 923 1297 1010 llerbipcll.

312 1117 494 1193 bertoldus
528 1113 781 1212 herbipolensis
817 1118 1000 1211 episcopus
1037 1113 1268 1210 parochialem
1296 1099 1490 1186 aeclesiam
1526 1098 1698 1184 Erlebach

313 1243 389 1292 cunr
411 1223 490 1312 jure
517 1228 714 1314 patronatus
742 1228 777 1287 et
804 1216 983 1288 advocatia
1011 1219 1132 1312 ipsius,
1161 1238 1180 1285 a
1206 1213 1378 1288 nobilibus
1406 1215 1490 1284 viris
1517 1209 1699 1284 Gerhardo

314 1333 350 1391 et
374 1310 553 1390 Gebhardo
589 1317 769 1388 comitibus
804 1313 845 1387 de
881 1315 1051 1410 Hircherg
1085 1314 1150 1388 sibi
1184 1317 1383 1408 resignato,
1417 1315 1627 1385 monasterio
1664 1315 1698 1382 in
1735 1331 1745 1344 ⁸

378 1419 613 1514 llulsprunen,
639 1419 874 1503 cisterciensis
902 1415 1045 1506 ordinis,
1072 1413 1291 1514 eystadensis
1318 1411 1495 1509 dyocesis,
1521 1411 1636 1485 donat.
1730 1411 1734 1420 '

414 1619 438 1690 l.
466 1639 499 1690 n.
529 1639 557 1688 s.
585 1639 615 1688 e.
644 1619 665 1688 i.
693 1627 715 1689 t
744 1639 774 1688 a.
834 1614 1081 1688 Bertoldus
1116 1615 1171 1688 dei
1208 1618 1326 1710 gracia
1352 1614 1605 1711 herbipolensis
1632 1635 1700 1686 ec-

318 1719 428 1792 clesie
454 1720 637 1814 episeopus
664 1719 750 1790 viris
778 1715 955 1811 religiosis
980 1716 1177 1790 Rudolio
1210 1715 1320 1790 abbati
1347 1727 1382 1788 et
1407 1719 1591 1790 conuentui
1617 1737 1702 1788 rno-

315 1821 458 1892 nasterii
483 1821 517 1889 in
533 1815 843 1912 Halsprunen,
860 1821 1107 1912 cysterciensis
1128 1815 1270 1904 ordinis,
1298 1815 1503 1888 eistedensis
1524 1815 1702 1912 dyocesis,

318 1920 463 1992 salutern
490 1921 525 1990 in
552 1939 615 2006 eo,
652 1921 708 2011 qui
735 1929 789 1989 est
815 1918 962 1995 omniurn¹
992 1939 1076 1988 uera
1103 1917 1208 1988 salus.
1262 1915 1380 1989 Gloria
1405 1915 1590 2012 perhennis
1616 1918 1702 2005 vite,

318 2042 383 2115 qua
410 2021 494 2091 mira
521 2017 714 2109 benignitas
742 2017 928 2089 conditoris
957 2019 1104 2088 omnium
1126 2039 1312 2112 ¹supernam
1339 2027 1484 2089 coronat
1509 2020 1617 2088 aciem
1645 2018 1703 2086 ci-

316 2123 409 2192 uium
436 2139 673 2213 supernorum,
699 2141 718 2188 a
745 2117 928 2211 redemptis
953 2120 1071 2212 precio
1091 2115 1266 2210 sanguinis
1284 2117 1351 2188 iusi
1369 2116 1412 2188 de
1432 2119 1594 2212 precioso
1613 2137 1701 2188 cor-

317 2242 404 2318 pore
431 2218 680 2388 redemptoris,
715 2221 911 2293 meritorum
946 2215 1047 2290 debet
1079 2220 1205 2311 acquiri
1232 2220 1379 2308 virtute,
1410 2221 1499 2290 inter
1525 2239 1591 2312 que
1617 2214 1702 2288 illud

318 2315 513 2416 pregrande
564 2319 739 2408 noscitur,
771 2317 860 2414 quod
886 2320 918 2388 in
945 2316 1140 2412 'sanctorum
1167 2314 1327 2398 ecclesiis
1356 2328 1390 2390 et
1415 2317 1590 2409 religiosis
1618 2308 1702 2387 col'-

318 2421 420 2512 legiis
446 2418 559 2490 diuina
584 2420 693 2512 pietas
721 2417 851 2490 dulcius
879 2413 1101 2488 collaudetur.
1154 2415 1251 2504 Quod
1278 2417 1456 2490 attendens
1484 2427 1604 2490 nostre
1631 2415 1700 2488 de-

259 2577 275 2604 ,
318 2522 476 2592 uocionis
512 2521 693 2592 sinceritas
727 2516 975 2614 parrochialem
1009 2518 1193 2606 ecclesiam
1229 2517 1474 2606 Erlebach,
1516 2520 1612 2597 cutus
1641 2519 1701 2608 jus
1812 2545 1818 2560 ·

316 2629 516 2716 patronatus
550 2617 593 2687 ad
627 2640 690 2690 nos
725 2629 760 2690 et
793 2615 976 2690 ecclesiam
1002 2627 1154 2691 nostram
1182 2600 1340 2710 spectare
1367 2608 1575 2708 dinoscitur,
1611 2615 1703 2710 quod

319 2717 453 2816 quidem
482 2721 539 2810 jus
575 2728 771 2814 patronatus
808 2729 844 2789 et
876 2717 1086 2790 aduocatinrn
1123 2719 1228 2812 ipsius
1262 2717 1443 2812 parrochie
1470 2716 1606 2790 nobiles
1634 2719 1702 2788 viri

321 2820 416 2891 Ger.
445 2827 479 2889 et
501 2813 539 2889 G.
568 2821 711 2890 comites
738 2817 781 2906 de
798 2817 1026 2912 Hiruperg
1052 2842 1071 2890 a
1097 2817 1196 2892 nobis
1224 2819 1361 2888 nomine
1388 2817 1481 2890 leodi
1508 2825 1704 2912 tenuerunt,

320 2919 382 2993 sed
401 2916 621 3014 postmodum
648 2918 689 2988 ad
717 2941 835 2990 manus
860 2925 998 2990 nostras
1027 2916 1112 2992 idem
1135 2912 1271 2990 feodum
1289 2919 1520 3014 resignarunt,
1546 2915 1589 2988 de
1611 2939 1703 2988 cou-

322 3041 428 3091 sensu
461 3027 496 3088 et
529 3017 703 3090 uoluntate
739 3017 875 3114 capituli
909 3020 1019 3090 nostri
1045 3018 1221 3111 cum‘jure
1247 3027 1445 3114 patronatus
1472 3039 1609 3092 necnon
1636 3016 1703 3088 ad·

321 3121 456 3190 uacatio
482 3120 589 3212 ipsius
616 3118 767 3190 ecclesie
793 3122 834 3218 ac
861 3115 1002 3212 capellis
1030 3115 1139 3188 eidem
1166 3121 1309 3190 orrnexis
1332 3115 1556 3214 omnibusque
1570 3115 1704 3211 juribus

323 3227 359 3290 et
384 3219 595 3314 pertiuentiis
623 3220 707 3308 suis,
736 3240 948 3312 quocumque
973 3221 1111 3292 nornine
1138 3229 1354 3308 censeantur,
1381 3217 1481 3292 vobis
1502 3229 1537 3290 et
1557 3240 1704 3292 monas-

322 3321 411 3389 terio
437 3327 555 3388 uestro
583 3319 616 3388 in
643 3329 840 3416 perpetuum
866 3315 1031 3390 'donamus
1059 3329 1094 3390 et
1114 3317 1332 3390 concedimus
1352 3321 1385 3390 in
1403 3330 1595 3392 uestrarum
1615 3317 1703 3390 sub-

324 3417 445 3492 sidium
471 3415 730 3514 prebendarum,
757 3429 792 3489 et
817 3415 1013 3513 specialiter
1041 3417 1084 3489 ob
1110 3421 1260 3512 preciosi
1287 3423 1443 3514 corporis
1471 3431 1506 3492 et
1527 3421 1703 3512 sanguinis

272 3543 274 3550 ’
324 3519 449 3589 domini
484 3517 592 3587 nostri
618 3517 702 3588 lesu
730 3517 854 3590 Christi
890 3521 1116 3592 reuerentiam
1150 3527 1184 3586 et
1210 3511 1362 3590 amorem
1389 3519 1554 3616 prelatum
1582 3517 1703 3592 eccle-

324 3622 410 3692 siam
445 3625 480 3686 et
513 3615 665 3710 capellas
700 3618 810 3694 eidem
846 3641 999 3690 annexas
1036 3639 1110 3687 cum
1135 3618 1214 3707 jure
1241 3629 1439 3712 patronatus
1466 3631 1501 3692 et
1527 3620 1703 3694 aduocatio

322 3720 430 3814 ipsius
458 3713 681 3811 omnibusque
708 3719 784 3790 aliis
806 3717 939 3810 juribus
966 3729 1001 3789 et
1021 3720 1238 3810 pertinenciis
1256 3723 1326 3790 suis
1351 3723 1386 3790 iu
1410 3743 1473 3792 uos
1499 3731 1533 3790 et
1553 3733 1703 3792 uestrum

324 3817 568 3891 monasterium
604 3839 680 3888 mum
715 3819 817 3912 pleno
851 3837 964 3888 rerum
1002 3815 1151 3890 dominio
1191 3819 1459 3906 transferentes,
1497 3823 1543 3890 ita
1580 3831 1703 3906 tanen,

326 3915 417 4011 quod
442 3913 586 3986 cedente
612 3917 669 3987 uel
696 3916 883 3989 decedente
917 3927 1056 4012 pastore
1089 3919 1213 4010 ipsius,
1250 3919 1369 3990 eadem
1396 3921 1547 3996 ecclesia
1573 3941 1703 4018 perpe·

326 4025 419 4120 tuum
443 4012 565 4090 habeat
590 4017 766 4119 vicarium,
794 4015 984 4091 secularem
1007 4015 1181 4116 clericum,
1209 4021 1260 4090 cui
1281 4029 1405 4093 tantum
1424 4021 1466 4096 de
1482 4021 1703 4132 proueutibup
