3836 4722
262 483 300 546 v!
362 489 367 498 ”

258 697 335 778 que
364 695 523 754 summa
552 675 679 764 esset,
718 667 829 750 brevi
872 663 1051 747 oratione
1082 687 1394 768 exponeremuS,
1434 661 1646 745 voluminis

259 845 467 954 paginam,
508 868 588 949 qua
623 845 741 950 plena
770 839 991 947 perscripta
1021 844 1169 934 esseut,
1199 837 1524 943 significaremus.
1585 837 1647 918 Ea

260 1042 417 1123 quoque
463 991 721 1110 documenta,
780 1037 882 1118 quae
941 1010 1058 1094 nimie
1110 1009 1213 1092 levia
1262 1035 1351 1093 esse
1400 1003 1677 1104 videbantur,'
1722 995 1728 1014 '

263 1193 427 1272 brevem
455 1189 496 1269 in
527 1187 759 1293 epitomem,
796 1185 961 1268 testium
998 1185 1078 1264 fide
1118 1191 1159 1304 et
1187 1191 1415 1290 temporum
1444 1183 1649 1266 notatione

263 1362 422 1444 adiecta
450 1359 694 1466 redegimus,
732 1385 852 1465 quam
882 1361 1052 1441 eandem
1083 1357 1210 1440 secuti
1240 1358 1453 1453 rationem,
1482 1351 1516 1438 si
1546 1381 1649 1464 quae

265 1534 480 1640 diplomata
511 1533 560 1612 ab
592 1530 677 1613 aliis
706 1529 787 1612 iam
817 1530 923 1613 edita
955 1538 1080 1628 erant
1109 1533 1300 1612 lectorem
1330 1532 1381 1610 ad
1410 1529 1497 1612 illos
1526 1531 1648 1612 libros

260 1708 444 1812 relegare
474 1704 579 1786 satis·
595 1705 816 1792 habuimus.
876 1705 945 1792 Sin
974 1711 1110 1786 autem
1138 1704 1193 1786 illi
1222 1729 1341 1810 aegre
1369 1703 1502 1810 parari
1529 1729 1649 1809 posse

260 1879 520 1973 videbantur,
561 1879 755 1958 lectorum
775 1876 883 1958 'usui
917 1877 974 1958 ita
1012 1873 1306 1970 inservivimus,
1349 1881 1396 1958 ut
1432 1875 1648 1982 diplomata

259 2051 350 2156 ipsa
380 2050 522 2132 litteris
551 2050 770 2132 minoribus
799 2051 1019 2156 repetenda
1047 2074 1294 2130 ennaremus.

379 2395 516 2497 Atque
545 2416 648 2497 quae
667 2390 745 2472 hoo
762 2391 922 2496 quidem
944 2392 1071 2499 piimo
1090 2391 1291 2472 volumine
1311 2387 1650 2497 Wirziburgensm

267 2567 509 2648 documenta
538 2571 610 2646 aut
636 2565 754 2670 plena
785 2564 893 2647 edita
932 2565 1071 2650 autin
1109 2566 1324 2673 epitomem
1352 2566 1516 2648 redaota
1544 2571 1650 2659 suut,

264 2763 289 2822 a
321 2737 540 2845 diplomate
569 2735 821 2842 imperatorie
839 2740 969 2826 Caroli
982 2741 1122 2848 Magni
1151 2767 1256 2824 anno
1272 2740 1648 2826 DGOLXXXVHI.

264 2909 412 3014 sonpto
442 2909 633 3015 incipiunt
660 2919 702 2994 ot
731 2939 858 3019 usquo
888 2917 940 2996 ad
971 2919 1146 2996 mortem
1164 2915 1372 2997 Bertholdi
1387 2915 1437 2996 Π.
1467 2911 1648 3019 episeopi,

265 3081 331 3187 qui
377 3105 484 3163 anno
529 3084 895 3172 MCCLXXXVII.
934 3115 968 3171 a.
1006 3091 1041 3169 d.
1079 3089 1231 3171 XVIH.
1274 3091 1365 3172 Kal.
1409 3089 1505 3170 Deo.
1542 3087 1646 3170 diem

264 3279 495 3362 supremum
524 3257 632 3354 obiit,
663 3261 870 3365 pertinent.

397 3571 489 3652 Hoo
523 3573 573 3652 de
610 3573 738 3678 spatio
778 3575 1083 3680 quingentorum
1104 3545 1319 3658 ¹annorum
1359 3573 1647 3682 quadringenta

268 3741 484 3849 nonaginta
512 3767 659 3826 novem
688 3746 906 3853 diplomata
936 3747 1198 3829 exhibuimus.

405 4057 615 4166 Reliquum
641 4066 727 4156 ost,
772 4066 819 4146 ut
855 4058 896 4140 in
926 4067 1108 4149 extrema
1139 4063 1473 4147 dooumentouun
1498 4061 1645 4166 episoo
