3794 4722
594 481 812 576 episcopatus
838 479 1130 576 wirnlburgeosis.
1511 487 1557 561 83

180 675 338 748 Jobannc
364 676 563 767 scolastico,
589 677 766 751 Gotefrido
793 691 955 770 cantore,
979 679 1168 754 Adelberto
1195 683 1361 774 astole,
1398 681 1557 760 Cirnrado

181 776 379 865 cellerario,
404 777 567 850 Heinrioo
578 784 788 872 pontenano,
812 780 986 870 llicbolioa
1011 781 1197 872 Reinardo‚
1225 782 1419 878 Sygelobo‚
1444 780 1557 860 Hein-

181 879 275 964 rico,
301 875 466 966 Alberto,
499 877 684 965 lleinrico,
721 879 866 970 ottone,
899 880 1106 970 bertholdo,
1139 881 1188 955 W
1190 883 1355 971 caelone,
1380 885 1557 976 Rolnam,

178 975 402 1148 pharisario,
429 975 651 1068 Gotbelrido‚
676 977 817 1072 Eboda,
838 981 1000 1073 Bouana,
1025 981 1208 1070 Vdelrieo,
1243 981 1406 1056 Heinrico
1433 985 1557 1072 scriba,

207 1087 342 1148 rnesto.

278 1213 372 1285 Acta
394 1235 483 1287 anno
511 1213 552 1285 ab
578 1215 811 1288 incarnatione
837 1213 974 1330 dominil
987 1215 1046 1289 ΜΟ·
1078 1215 1130 1288 0⁰·
1160 1213 1244 1288 LX0·
1276 1213 1344 1287 1110·

390 1413 524 1498 Sigillum
547 1417 724 1495 impressum
745 1419 776 1477 in
798 1418 934 1502 margine
957 1415 1123 1497 aliqualiter
1145 1417 1260 1480 laesum
1282 1424 1337 1478 est.

823 1829 907 1903 cvl

765 2031 851 2094 Anno
875 2026 967 2094 1164.

173 2213 359 2286 Heinricus
386 2217 568 2311 episcopus
595 2219 629 2288 in
657 2215 839 2288 dominium
865 2215 1006 2311 collegii
1033 2239 1059 2290 s.
1077 2216 1214 2314 Kyllani
1239 2217 1401 2291 transfert
1428 2221 1554 2308 omnim

173 2337 262 2409 quae
292 2314 371 2386 Otto
406 2325 440 2387 et
465 2317 562 2388 Amo
593 2320 628 2388 in
652 2315 961 2410 Beregerebrunne
996 2321 1072 2388 iure
1096 2315 1288 2390 beneficiali
1313 2318 1552 2414 possederunt.

276 2465 314 2538 C.
376 2465 414 2539 ln
454 2471 591 2540 nomine
644 2477 759 2559 sancte
800 2477 834 2538 et
874 2465 1041 2560 indiuidua
1080 2469 1247 2540 trinitatis.
1310 2467 1554 2542 Heinricus

173 2565 288 2638 diuina
320 2565 561 2661 preordinante
607 2567 787 2648 clementia
831 2565 1130 2662 werzeburgensis
1171 2567 1317 2659 ecclesie
1358 2569 1552 2662 episcopus.

173 2665 391 2762 Episcopalis
418 2666 604 2740 dinoscitur
630 2689 711 2739 esse
738 2665 996 2756 sollicitudinis,
1032 2667 1134 2739 licitis
1170 2677 1205 2739 et
1239 2669 1304 2762 piis
1344 2663 1554 2740 subditorum

174 2766 460 2861 postulationibus
486 2767 606 2840 faciles
634 2789 734 2839 aures
752 2766 1012 2854 accommodare
1039 2775 1169 2839 etuota
1185 2787 1304 2838 eorum
1332 2764 1553 2840 adhouorem

174 2865 230 2937 dei
258 2875 293 2938 et
316 2867 494 2938 utilitatem
521 2867 673 2939 ecclesie
706 2865 861 2940 omnibus
896 2865 1006 2939 modis
1038 2887 1256 2962 promouere.
1307 2865 1415 2940 Huius
1440 2869 1554 2962 itaque

173 2969 226 3038 rei
255 2965 541 3060 contemplatione
566 2964 778 3039 notificamus
815 2965 970 3040 omnibus
1005 2976 1072 3037 tam
1111 2964 1213 3036 marri
1245 2987 1344 3060 quam
1379 2971 1551 3060 presentis

176 3069 341 3160 temporis
369 3065 494 3138 Christi
519 3064 695 3154 fidelibus,
730 3065 819 3161 qnod
845 3074 879 3136 et
903 3087 969 3138 nos
995 3087 1037 3136 ea
1062 3087 1125 3160 que
1152 3063 1256 3138 Otto
1283 3073 1319 3137 et
1343 3065 1449 3138 irater
1476 3069 1550 3140 eius

174 3166 298 3237 Arno
324 3167 358 3248 in
383 3165 794 3260 Beregerebru'nne
827 3167 903 3237 iure
927 3163 1119 3237 beneficiali
1144 3187 1162 3236 a
1188 3163 1288 3238 nobis
1313 3163 1553 3260 possederunt,

175 3267 263 3360 ipsis
289 3265 538 3360 postulantibus
576 3289 650 3338 cum
688 3267 779 3338 omni
816 3267 1012 3360 integritate
1045 3263 1156 3362 tytulo
1182 3264 1375 3338 donationis
1400 3264 1551 3358 periactp

176 3367 210 3436 iu
237 3363 420 3438 dominium
447 3365 587 3460 collegii
614 3369 722 3439 saneti
747 3363 884 3460 Kyliani
909 3367 1043 3460 patroni
1075 3367 1206 3456 nostri,
1232 3386 1295 3461 pro
1321 3375 1358 3436 ut
1383 3367 1551 3438 sententia

173 3474 371 3538 nostrorum
396 3463 543 3538 bdelium
559 3465 715 3555 dictabat,
740 3464 971 3538 transtulimus
997 3463 1062 3538 hac
1082 3475 1195 3538 tomen
1211 3467 1342 3538 tenoris
1356 3461 1551 3538 conditione

174 3587 322 3655 annexa,
347 3575 383 3636 ut
408 3565 530 3660 prefati
556 3565 680 3640 iratres
708 3563 826 3642 eadem
852 3556 987 3650 b'onaa
1005 3587 1104 3638 manu
1118 3563 1237 3636 decani
1253 3567 1327 3636 iure
1342 3561 1550 3636 oblationum

173 3666 379 3760 recipientes
407 3668 575 3738 annuatim
601 3663 751 3737 infesto
779 3663 886 3739 sancti
912 3663 1049 3762 Kyliani
1082 3686 1200 3736 urnam
1233 3666 1303 3734 uini
1336 3673 1371 3735 et
1402 3661 1549 3736 modium

172 3766 276 3835 tritici
302 3785 364 3836 seu
389 3763 508 3837 horum
537 3767 786 3840 estimationem
810 3767 846 3837 in
870 3763 913 3836 V.
942 3763 1061 3838 solidis
1087 3760 1369 3858 comprehensam
1395 3761 1437 3834 ad
1474 3765 1547 3834 uti-

173 3861 301 3936 litatem
327 3863 465 3936 iratrum
495 3885 540 3937 ex
565 3863 617 3938 bis
643 3864 859 3961 persoluent,
899 3874 933 3936 et
956 3863 1012 3936 bio
1037 3885 1099 3960 pro
1127 3862 1245 3934 eadem
1271 3864 1439 3958 pensione
1466 3863 1547 3936 sol-

172 3962 283 4036 uenda
308 3965 512 4038 inconuulso
537 3967 612 4037 iure
650 3961 691 4036 ad
729 3985 863 4037 omnem
901 3985 995 4037 suam
1033 3963 1219 4056 legitimam
1243 3965 1478 4060 posteritatem
1504 3961 1548 4036 de

174 4068 291 4135 cetero
319 4085 359 4136 aa
382 4066 619 4139 uansmittant
670 4063 714 4138 Ut
740 4073 850 4138 autem
876 4063 942 4138 bec
965 4062 1102 4137 donatio
1134 4061 1231 4204 drrrpa
1256 4073 1291 4137 at
1315 4071 1389 4136 rata
1415 4084 1546 4161 perpe-
