3838 4728
324 437 398 516 osu
899 432 1120 558 ltonnmanta

324 639 485 709 mittimus
527 636 769 708 uniuersorum
813 632 902 705 hano
938 631 1125 704 concordie
1164 631 1311 706 formam
1348 635 1439 706 inter
1475 627 1715 704 venerasse-

324 747 455 834 patrem
483 735 655 808 dominum
680 744 836 808 nostrum
862 730 1141 828 herbipolensem
1166 735 1367 829 episcopum
1405 731 1449 805 ab
1474 755 1544 806 vna
1578 739 1615 802 et
1647 751 1714 804 nos

284 913 285 916 ,
325 861 345 910 n
377 845 475 931 parte
508 836 619 907 altera
654 845 690 906 et
725 833 807 906 hino
841 832 922 906 inde
959 835 1065 928 partis
1097 835 1277 927 utriusque
1312 832 1486 905 adiutores
1520 827 1713 905 venerabili

323 946 421 1032 patre
449 935 586 1008 domino
600 934 832 1010 nostroBer.
853 931 1132 1025 babenbergensi
1157 936 1344 1028 episcopo,
1369 931 1478 1004 nobili
1502 935 1581 1004 viro
1608 929 1715 1002 Got-

323 1035 446 1110 lrido
487 1035 529 1106 de
569 1033 861 1124 llohenloch,
903 1031 1132 1106 Hordeino
1170 1032 1214 1104 de
1254 1030 1528 1106 Grintlelach
1569 1031 1716 1124 aliisque

297 1217 300 1223 ,
323 1135 478 1232 pluribus
504 1133 684 1229 fidedignis
711 1144 746 1206 et
771 1133 931 1208 discretis
954 1135 1040 1206 uriris
1067 1132 1293 1207 mediantibus
1328 1133 1406 1206 lore
1444 1142 1588 1206 eotenus
1615 1129 1715 1203 ordi·

323 1246 447 1308 natam.
500 1235 614 1308 Primo
641 1238 754 1328 itaque
781 1237 894 1306 omnia
920 1232 1064 1328 (lempna
1089 1256 1109 1304 o
1134 1242 1290 1328 tempore
1315 1233 1408 1306 illius
1423 1231 1623 1319 concordie,
1652 1251 1715 1326 per

326 1337 585 1409 serenissimum
621 1333 791 1407 dominnm
826 1344 982 1406 nostrum
1007 1331 1290 1428 Rudolphum
1324 1334 1558 1408 Romanorum
1593 1349 1715 1424 regem

323 1439 414 1508 inter
438 1457 505 1510 nos
532 1445 567 1506 et
589 1445 721 1530 partam
746 1433 891 1516 alteram
915 1435 1107 1507 novissime
1141 1431 1229 1527 apud
1254 1431 1528 1528 oppenheim
1547 1431 1716 1521 ordinate,

323 1533 508 1608 hincinde
533 1544 601 1606 tam
627 1557 689 1630 per
725 1537 836 1630 ipsum
870 1533 1042 1606 dominnm
1067 1531 1349 1627 herbipolensem
1383 1536 1582 1629 episcopum
1615 1551 1716 1624 mam

322 1657 389 1710 nos
416 1645 451 1706 et
475 1637 578 1708 etiam
603 1638 779 1729 utriusque
805 1637 911 1729 partis
938 1633 1114 1708 adiutores
1141 1635 1327 1706 commissa
1359 1630 1540 1727 utrobique
1575 1629 1713 1725 simpli·-

325 1739 411 1808 citer
437 1745 516 1808 sunt
540 1737 699 1824 remissa,
724 1737 788 1823 sic,
814 1733 904 1828 quod
919 1735 1008 1805 inter
1034 1732 1223 1829 predictum
1249 1732 1421 1807 dominum
1450 1742 1607 1806 nostrum
1633 1731 1713 1825 epi-

326 1857 468 1930 scopum
495 1844 530 1906 et
554 1855 619 1906 nos
646 1832 741 1906 firma
766 1857 834 1929 pax
860 1844 895 1906 et
921 1837 1057 1906 sincera
1085 1831 1270 1906 concordia
1295 1832 1338 1904 ale
1364 1843 1483 1906 cetero
1500 1830 1715 1920 hebetasse,

324 1938 372 2007 ita
397 1945 524 2022 tamen,
550 1931 653 2027 quod,
679 1935 789 2006 sinos
815 1933 879 2006 ulli
905 1955 952 2006 ex
976 1932 1119 2028 predicti
1145 1932 1273 2006 domini
1297 1936 1410 2006 nostri
1428 1933 1583 2028 episcopi
1610 1929 1714 2002 adiu-

325 2032 457 2108 toribus
482 2030 671 2106 inieramus
697 2036 854 2106 iniuriam
866 2031 1070 2122 comentem,
1098 2055 1145 2104 ex
1169 2042 1251 2106 tunc
1277 2032 1319 2106 ad
1343 2035 1451 2128 ipsius
1478 2031 1606 2104 domini
1632 2031 1713 2125 epi-

327 2137 427 2228 scopi
451 2136 717 2228 requisicionem
744 2155 849 2229 passo
876 2135 1032 2204 iniuriam
1057 2132 1223 2205 faciemus
1261 2132 1304 2206 de
1331 2133 1434 2206 illatis
1461 2133 1632 2206 iusticiam
1658 2126 1715 2203 uel

327 2254 495 2325 amorem,
522 2233 673 2328 alioquin
698 2237 763 2329 ipsi
790 2231 928 2306 domino
955 2244 1077 2306 nostro
1105 2235 1270 2328 episcopo
1298 2232 1418 2306 licebit
1443 2230 1633 2304 defendere
1657 2231 1717 2300 in-

325 2337 445 2406 iuriam
472 2332 665 2406 huiusmodi
688 2337 881 2428 pacientem
918 2331 986 2405 hoc
1017 2337 1095 2428 ipso
1130 2330 1231 2406 nohis
1270 2336 1305 2404 in
1340 2335 1470 2406 nostris
1506 2327 1717 2404 adiutoribus

326 2447 447 2506 contra
473 2443 697 2505 memoratum
724 2435 897 2506 dominum
921 2445 1077 2504 nostrum
1103 2435 1304 2527 episcopum
1316 2435 1497 2527 reciproca
1510 2435 1589 2503 uice
1605 2429 1719 2519 saluo,

325 2545 380 2608 set
404 2532 646 2606 nichilominus
670 2533 826 2630 predicta
848 2531 1035 2605 concordia
1071 2531 1174 2605 stabit
1209 2535 1246 2604 in
1281 2554 1345 2606 suo
1381 2531 1510 2604 robore
1546 2529 1717 2602 duraturo.

309 2633 490 2706 ‘Preterea
516 2637 640 2728 captiui
665 2632 744 2706 hinc
768 2631 849 2706 inde
873 2635 908 2706 in
935 2631 1105 2706 discordia
1122 2633 1324 2722 nouissima,
1349 2631 1427 2704 dum
1450 2640 1580 2704 tanam
1607 2628 1721 2724 depe-

327 2735 558 2805 cuniationom
592 2755 663 2804 non
699 2732 883 2820 dederunt,
920 2731 1107 2804 dimittendi
1144 2739 1223 2806 sunt
1259 2731 1359 2804 liberi
1397 2742 1432 2804 et
1467 2734 1721 2804 connectiones

325 2833 508 2922 uillarum,
545 2855 612 2927 que
646 2843 746 2928 pacta
770 2855 842 2906 non
869 2831 1067 2923 soluerunt,
1102 2841 1181 2905 sunt
1218 2831 1375 2903 similiter
1413 2831 1628 2906 remittenda.
1666 2827 1724 2902 Ao

326 2936 493 3006 maiorem
520 2943 634 3003 autem
671 2932 824 3028 predicte
859 2931 1045 3004 concordie
1091 2930 1369 3006 obseruationem
1407 2931 1564 3007 dominus
1600 2939 1723 3004 noster

328 3035 513 3130 episcopus
542 3042 693 3104 castrum
721 3055 819 3106 suum
834 3029 1085 3127 Grosperg,
1112 3041 1147 3102 et
1161 3053 1228 3104 nos
1247 3041 1395 3105 castrum
1414 3041 1571 3104 nostrum
1585 3031 1722 3126 Stoy-

326 3130 441 3206 naeh
478 3131 634 3225 predicto
670 3131 849 3204 domino
886 3141 1047 3204 nostro
1086 3129 1468 3225 babenbergensi
1502 3133 1721 3227 episcopo

326 3234 629 3330 presentamus,
665 3231 815 3304 tenenda
853 3234 888 3303 in
928 3233 1002 3304 eius
1029 3229 1177 3303 amodo
1213 3253 1324 3326 usque
1361 3231 1403 3304 ad
1433 3230 1560 3307 festum
1586 3230 1723 3302 hlortini

326 3333 522 3431 proximum
548 3340 584 3402 et
609 3329 731 3404 deinde
757 3331 800 3403 ad
826 3341 899 3403 tres
927 3353 1036 3404 annos
1065 3335 1246 3404 continuos
1279 3341 1472 3425 potestate,
1503 3335 1560 3426 qui
1586 3335 1723 3424 inquam

329 3434 486 3506 dominns
512 3429 813 3526 babenbergensis
841 3433 1026 3528 episcopus
1053 3431 1144 3502 lacta
1171 3429 1323 3524 deipsis
1351 3435 1474 3505 castris
1491 3433 1724 3522 estimatione,

329 3537 361 3608 si
386 3531 532 3603 altarum
557 3531 696 3604 illorum
724 3531 860 3627 reliquo
876 3531 1135 3626 preponderare
1151 3534 1360 3625 compererit
1384 3535 1419 3602 in
1434 3531 1570 3622 nalora,
1596 3540 1725 3604 extunc

329 3643 480 3706 castrum
526 3629 678 3705 deterius
715 3653 779 3727 per
820 3631 964 3704 aliorum
1007 3631 1176 3703 bonorum
1219 3629 1490 3725 supplementum
1532 3631 1575 3704 all
1613 3633 1723 3726 ipsius

328 3733 457 3806 ‹lomini
482 3727 778 3825 babenbergensis
806 3734 1058 3804 estimationem
1085 3729 1188 3802 debet
1212 3729 1347 3824 reliquo
1369 3734 1572 3828 equiperari.
1611 3731 1723 3826 Super

326 3833 507 3928 premissis
534 3833 635 3902 etiam
674 3830 899 3905 obseruandis
927 3854 947 3903 a
972 3831 1109 3903 domino
1136 3839 1258 3902 nostro
1291 3829 1525 3926 herbipolensi
1552 3834 1720 3926 episcopo

327 3929 579 4004 Wolllinns
628 3929 672 4002 de
705 3930 947 4005 (irhnbach
993 3940 1028 4002 et
1064 3927 1352 4002 Eberhardus
1391 3931 1525 4020 Fuhs,
1562 3954 1585 4002 a
1621 3929 1723 4004 nobis

328 4051 416 4102 cero
444 4029 662 4104 Alhortos
697 4029 740 4103 de
765 4029 1040 4123 Hosseburg
1072 4039 1110 4102 ot
1133 4029 1382 4104 lloinricus
1418 4030 1462 4104 de
1497 4029 1723 4104 Smehaim
