3768 4728
638 359 857 457 episcopatus
882 351 1177 451 wirciburgensis.
1519 354 1591 434 dit

212 557 337 624 Testes:
370 557 541 624 Fridericos
562 575 666 622 comes
689 556 728 622 de
749 555 895 638 Kasteie,
925 555 1062 622 sibertus
1091 555 1130 622 do
1150 551 1352 630 windeheim,
1386 552 1533 640 Thepeno
1555 553 1595 618 de

210 645 404 722 Libicnstein,
428 643 552 707 Thiomo
575 643 613 706 da
634 643 766 724 Vrbeim,
790 641 946 707 Comedus
968 642 1164 723 doSturrnor,
1186 641 1341 706 Heinricus
1357 641 1475 722 scotus,
1498 639 1593 704 Hein-

211 737 291 795 ricus
313 731 411 800 ditos,
434 731 504 792 Otto
526 729 695 810 Fiosculos,
717 728 787 792 Otto
808 727 995 808 Wciieskci,
1018 725 1087 791 Otto
1110 726 1148 790 de
1171 728 1352 810 Espenuoit,
1376 728 1532 790 Cunrudus
1554 725 1593 788 do

213 817 402 899 Speokoueli,
425 815 582 879 ilainricus
604 814 644 878 de
665 815 855 895 iiittenboim,
879 823 909 875 et
931 815 1079 896 aliiquant
1101 814 1202 896 piures
1255 812 1366 900 lipideni
1391 817 1592 896 etiamrestg-

210 909 276 968 naui
298 911 330 966 et
352 901 421 964 dedi
443 919 547 964 omnes
570 901 706 965 homines
728 919 824 980 meos,
847 905 913 962 siue
935 901 1067 964 militaris
1090 905 1156 962 siue
1179 901 1301 962 atterius
1323 897 1507 961 condicionis
1525 903 1593 976 sint,

211 988 288 1052 (dote
309 989 443 1052 ecclesie
465 987 668 1070 herbipotensi
691 993 722 1050 et
743 987 800 1052 boc
822 987 958 1050 simiiiter
980 985 1051 1050 duxi
1072 989 1104 1049 in
1126 990 1257 1066 presenti
1277 989 1388 1070 pagine
1415 989 1592 1065 exprimen-

211 1075 286 1139 dum.
329 1075 436 1136 Datum
474 1092 553 1136 anno
589 1073 699 1138 domini
729 1073 769 1137 ii.
792 1071 849 1136 CC.
873 1071 1007 1153 titini,
1034 1069 1173 1134 kalendis
1202 1071 1402 1154 Septembris,
1430 1068 1593 1134 indictione

210 1158 275 1240 ii··,
299 1165 491 1242 episcopatus
515 1157 625 1222 domini
647 1158 808 1222 Hermann!
832 1162 965 1242 episcopi
988 1175 1066 1222 anno
1087 1153 1190 1222 iiiiii.

418 1329 730 1434 Appendet'sigiiium
751 1329 953 1414 triangulare:
976 1323 1190 1410 „tibswict
1211 1325 1262 1392 ott
1283 1325 1531 1412 nimbosum
1553 1343 1593 1390 ex

418 1417 724 1586 ipiidpmsppippsnger
746 1499 927 1566 Gesobicbta
948 1497 1172 1566 Frankeulonds
1193 1497 1241 1564 iii.
1262 1517 1293 1583 p.
1314 1493 1388 1563 395.

782 1921 1020 2001 coixxxssl.

468 2109 557 2178 Anno
580 2105 688 2191 itit,
711 2129 817 2174 menso
840 2111 1019 2194 Septembri,
1042 2109 1121 2196 apud
1141 2107 1333 2195 flerbipolim.

212 2297 424 2371 dermannus
460 2295 713 2396 herbipolensis
747 2301 929 2395 episcopus
967 2297 1118 2371 nobssern
1151 2301 1261 2372 virum
1302 2293 1521 2370 Ludewicunu
1548 2295 1592 2370 de

213 2396 422 2470 Rubenecke
449 2397 493 2470 ob
519 2401 790 2492 resignationem
816 2397 1008 2471 medietatis
1034 2401 1138 2473 castri
1163 2395 1374 2472 Rubeneoke
1389 2408 1424 2469 et
1445 2399 1591 2472 omnium

448 2499 614 2572 bonorum
642 2521 780 2573 suorum
807 2502 841 2570 in
868 2509 1082 2573 cestrensem
1107 2519 1206 2574 suum
1230 2499 1363 2593 recipit.

310 2669 350 2744 ii.
377 2667 433 2742 dei
472 2673 581 2763 gratia
618 2668 872 2766 herbipolensis
909 2673 1105 2766 episcopus.
1157 2667 1282 2744 Notum
1316 2690 1400 2744 osse
1431 2667 1592 2746 volumus

212 2772 384 2847 uniuersis
410 2769 508 2844 buius
533 2773 658 2867 pagine
684 2769 955 2867 inspectoribus,
994 2769 1085 2866 quod
1118 2791 1194 2844 cunt
1217 2773 1275 2844 vir
1298 2769 1425 2844 nobilis
1449 2767 1591 2842 Lude-

213 2873 355 2946 wicus
396 2867 439 2942 de
481 2870 755 2944 Rubenecko
802 2882 941 2967 propter
985 2873 1182 2965 grauumiun
1220 2869 1474 2962 intolerabilia,
1524 2891 1591 2965 que
1650 2917 1653 2922 -

210 2969 478 3044 Fridorions
506 2969 594 3044 iilius
620 2971 735 3045 iratris
763 2978 814 3046 sui
840 2971 904 3044 sibi
923 2971 1153 3068 multipliciter
1168 2973 1397 3064 irrogauerat,
1422 2972 1593 3064 cogitaret

210 3070 253 3144 de
277 3068 400 3144 finibus
424 3071 507 3162 iilis,
532 3069 589 3143 rbi
615 3076 861 3167 possessiones
888 3093 950 3144 sue
977 3077 1042 3146 site
1069 3081 1177 3162 erunt,
1205 3071 1332 3144 cedere
1358 3082 1393 3144 et
1418 3073 1453 3144 in
1472 3080 1592 3146 nostra

210 3172 359 3244 tuicione
385 3182 464 3267 aput
488 3193 553 3244 nos
580 3171 738 3244 residens
765 3195 859 3260 esso,
885 3176 974 3244 siout
999 3177 1077 3248 vioe
1102 3173 1211 3246 altera
1237 3193 1278 3248 se
1302 3171 1432 3246 iecisse
1457 3193 1591 3264 recog·

211 3275 317 3362 nouit,
343 3273 559 3346 medietatam
587 3276 689 3346 castri
717 3271 992 3346 Rubenecke
1019 3284 1054 3346 et
1079 3275 1193 3346 omniu
1217 3271 1307 3346 bono
1334 3295 1408 3362 sua,
1434 3293 1500 3366 que
1526 3271 1592 3346 sibi

210 3375 347 3467 propriu
372 3372 507 3444 fuerunt
531 3371 589 3444 uei
613 3397 633 3445 a
657 3371 756 3446 nobis
782 3377 817 3444 in
842 3371 946 3444 feodo
973 3371 1108 3463 babuit,
1142 3372 1208 3446 sibi
1245 3395 1336 3446 nuno
1368 3371 1498 3462 libera,
1530 3373 1590 3443 in·

210 3475 388 3566 pignorata
421 3472 482 3544 vol
505 3471 546 3543 ab
577 3494 620 3546 eo
647 3473 840 3562 inieodute,
880 3495 956 3544 oum
991 3473 1146 3548 omnibus
1185 3471 1396 3564 bominibus,
1435 3475 1491 3566 qui
1526 3467 1591 3545 sibi

211 3569 406 3660 attinebant,
432 3595 533 3646 manv
548 3577 669 3646 vxoris
697 3597 759 3646 sne
784 3573 1034 3646 Gerdrudis
1061 3573 1103 3646 do
1128 3572 1375 3648 Zworenna
1401 3569 1591 3646 coodunata

211 3674 243 3743 in
268 3675 511 3768 proprietatem
538 3673 688 3746 ecclesie
714 3683 833 3746 nostre
859 3672 969 3763 dedit,
1006 3673 1161 3747 omnibus
1196 3673 1266 3749 illis
1299 3673 1400 3747 honis
1436 3671 1591 3762 adiectis,

212 3775 241 3844 si
266 3795 331 3868 qua
368 3775 403 3844 in
441 3773 610 3869 prioribus
638 3771 881 3846 donacionibus
919 3777 1020 3846 tacita
1056 3774 1176 3850 forsan
1202 3783 1318 3865 orant,
1354 3772 1448 3846 nuile
1488 3793 1591 3868 super

210 3867 308 3946 bonis
334 3871 491 3946 omnibus
515 3872 693 3948 nobiscum
726 3872 837 3946 habito
880 3878 1140 3968 convencione,
1181 3895 1247 3970 quo
1282 3872 1372 3951 bona
1406 3875 1517 3946 omnia
1556 3874 1591 3945 in

210 3971 399 4068 priuilegiis
417 3995 521 4070 super
547 3973 614 4048 hoc
640 3973 807 4050 coniectis
833 3974 967 4070 plenius
995 3984 1073 4052 sunt
1097 3997 1277 4072 expressa.
1329 3974 1474 4048 Etcum
1502 3971 1590 4045 idom
