3774 4728
602 443 823 550 episcopatus
848 441 1145 550 wirsiburgensis.
1355 509 1382 542 ..
1499 447 1572 532 toi

190 639 247 722 diu
270 648 503 748 percipienda,
528 675 706 749 quousque
732 653 770 727 Ο.
797 674 930 729 mareas
958 653 1092 751 argenti
1125 651 1190 728 sihi
1216 650 1410 731 dederimus
1436 677 1575 730 memo·

190 761 306 840 ratas3
332 753 503 826 residuam
528 765 661 845 eutem,
690 754 780 850 quod
804 754 906 828 inerit
933 777 1037 853 super
1061 754 1213 852 predicta
1239 752 1277 825 G.
1304 764 1340 825 et
1364 754 1414 825 le
1444 756 1577 830 maldra

191 851 337 946 siliginis
375 845 410 926 in
447 853 574 927 allodio
611 865 645 927 et
677 853 818 929 decimis
858 860 1058 930 memoratis
1090 858 1261 928 sunniam]
1294 859 1423 928 nostris
1456 856 1574 930 usibus

189 963 417 1050 presentetur.
470 955 517 1027 Vt
541 959 644 1052 igitur
670 955 861 1030 huiusmodi
886 957 1060 1032 ordinacio
1094 956 1199 1030 robur
1234 953 1386 1027 obtineat
1420 967 1455 1029 et
1486 979 1574 1054 per-

189 1064 327 1126 maneat
341 1055 557 1148 inconuulsa,
582 1056 669 1130 banc
688 1057 836 1130 litteram
851 1057 916 1132 sibi
931 1069 1051 1134 nostro
1066 1057 1183 1152 sigillo
1199 1053 1351 1129 dedimus
1365 1055 1573 1131 roboratam.

190 1155 314 1229 Actium
327 1179 416 1229 anno
432 1155 557 1230 domini
568 1157 628 1231 itio·
647 1156 728 1231 00⁰·
745 1157 879 1252 LXV⁰·,
893 1157 1237 1251 inBrouoldesbeim,
1262 1159 1420 1254 proximo
1432 1157 1573 1235 sabbato

190 1265 270 1330 ante
294 1255 419 1334 festum
444 1257 545 1332 beate
570 1257 777 1356 Margarete.

399 1459 537 1550 Sigillum
557 1465 654 1546 periit.

787 1863 980 1948 oocixx.

647 2069 737 2136 anno
761 2064 865 2152 mos,
887 2067 939 2136 ae.
961 2071 1101 2157 Augusu

188 2255 394 2334 ludewicus
420 2277 539 2332 comcs
566 2255 609 2332 de
633 2255 811 2330 Rieneclre
838 2268 873 2330 et
897 2257 1078 2332 lleinricus
1112 2255 1156 2332 de
1185 2253 1367 2332 brunecke
1392 2266 1568 2334 tractatum

189 2359 396 2434 concordiae
421 2362 511 2431 inter
535 2357 685 2454 iringum
713 2361 911 2454 episcopum
928 2357 1205 2456 herbipolensem
1222 2369 1257 2431 et
1273 2357 1459 2434 ecclesium
1474 2381 1572 2434 suom

188 2483 235 2536 ex
260 2483 339 2554 una,
365 2471 400 2533 et
424 2462 683 2534 universitatem
709 2460 835 2631 ciinviitprgr
859 2456 1150 2654 ffipplllpusium
1183 2456 1407 2536 mediantibus
1434 2459 1569 2534 arbitris

827 2611 837 2650 ,
1037 2615 1045 2630 .

313 2720 376 2784 Nos
397 2713 627 2801 hadewicus
657 2715 706 2778 dei
739 2717 842 2800 gracia
875 2732 979 2778 comes
1012 2714 1050 2778 de
1072 2712 1272 2778 Rieueclrc
1302 2719 1331 2776 et
1352 2712 1568 2778 heinricus

189 2806 227 2872 do
259 2803 444 2870 Bruneke
480 2800 656 2865 confitemur
691 2809 798 2864 tenore
831 2805 1015 2883 presentium
1050 2807 1080 2864 et
1116 2805 1197 2864 scire
1228 2800 1366 2864 volumus
1399 2805 1569 2882 vruuersos,

188 2893 270 2976 qaod
292 2890 450 2970 discordia,
473 2907 533 2970 que
555 2893 632 2950 iuter
654 2887 854 2951 venerabilem
876 2884 1026 2950 dominum
1045 2893 1180 2950 nostum
1202 2885 1371 2970 iringum
1395 2891 1570 2970 episcopum

186 2979 429 3062 herbipolensem
451 2982 482 3038 et
503 2974 665 3037 eeclesiam
686 2991 772 3036 snam
794 2992 834 3037 ex
855 2992 914 3036 vna
935 2979 1020 3055 parte
1042 2982 1074 3036 et
1086 2976 1312 3038 vniuersitetem
1327 2976 1437 3035 ciuium
1448 2990 1571 3038 suorum

185 3063 439 3214 herbipolensium
463 3076 502 3124 ex
524 3061 617 3122 altera
638 3059 813 3124 uertebatur
835 3058 1032 3124 mediantibus
1047 3059 1190 3124 dominis:
1214 3058 1379 3122 uenerabili
1400 3057 1495 3122 fratre
1516 3059 1568 3124 ΑΙ.

188 3171 270 3236 quon
292 3170 339 3214 am
360 3151 560 3230 ratisponensi
583 3150 736 3229 episcopo,
759 3145 790 3208 B.
806 3149 970 3228 preposito,
993 3145 1025 3208 B.
1042 3145 1168 3225 decano,
1189 3145 1227 3208 bi.
1251 3143 1290 3208 de
1303 3145 1330 3210 N
1337 3145 1569 3208 uwenburch

186 3242 341 3322 preposito
374 3241 404 3298 in
436 3233 588 3318 Hauge,
623 3230 708 3295 ller.
745 3231 783 3294 de
817 3231 1082 3294 S'terenbercb
1114 3235 1268 3295 eanorricis
1299 3229 1570 3314 herbipolensibus,

187 3325 338 3389 noblhbus
360 3321 391 3384 B.
416 3320 454 3383 de
475 3317 774 3396 Hennenbercb,
806 3317 838 3382 L.
863 3325 894 3380 et
915 3315 994 3381 Ger.
1018 3316 1057 3380 de
1077 3316 1272 3397 Rienelre,
1304 3317 1339 3380 H.
1371 3323 1402 3379 et
1422 3315 1507 3380 Her.
1530 3317 1569 3380 de

188 3409 360 3490 Castele,
383 3407 415 3470 B.
440 3406 479 3468 de
501 3401 726 3484 Wertbeim,
750 3402 782 3467 (i.
806 3403 844 3466 de
866 3401 1065 3484 Wilpercb
1089 3403 1266 3483 comitibus,
1293 3403 1367 3482 hl,
1401 3401 1435 3466 li.
1471 3409 1501 3464 et
1524 3401 1568 3482 G,

187 3495 329 3561 homibus
352 3493 391 3557 de
412 3489 657 3570 llobenlooh,
678 3489 713 3553 ii
737 3497 769 3550 et
790 3489 824 3552 G.
847 3489 885 3551 de
907 3487 1107 3570 bruneis,
1137 3488 1170 3554 O.
1200 3488 1239 3551 de
1261 3488 1509 3570 Trlmperch,
1534 3487 1566 3551 C.

188 3583 228 3646 de
251 3577 512 3648 Sluuelberch
534 3583 565 3638 et
585 3576 737 3657 plerisque
770 3576 836 3638 aliis
869 3579 1040 3655 canonicis,
1073 3575 1222 3639 nobilibus
1254 3583 1284 3638 et
1315 3573 1568 3656 ministerialibus,

189 3675 240 3752 qui
261 3673 443 3745 intererant,
462 3669 530 3746 post
550 3662 693 3744 plurimos
716 3667 857 3724 tractatus
879 3659 1071 3742 prebebitos,
1101 3661 1222 3725 tandem
1253 3661 1350 3724 taliter
1384 3667 1430 3722 est
1461 3663 1568 3742 sopita,

188 3753 270 3838 quod
300 3756 478 3817 uniuersitas
499 3753 609 3812 cirrium
630 3745 883 3828 herbipolensium
904 3751 1039 3828 promisit
1061 3755 1091 3810 et
1108 3749 1221 3829 jurauit
1243 3751 1340 3812 omnia
1367 3747 1437 3828 jura
1458 3745 1569 3808 donini

188 3847 322 3924 episcopi
345 3843 538 3902 manutenere
560 3840 591 3895 et
611 3851 792 3916 promouere
814 3829 983 3896 bonafide.
1027 3833 1065 3896 lit
1087 3839 1195 3916 siquis
1215 3837 1356 3896 inuentus
1378 3831 1468 3895 fuerit
1489 3848 1568 3894 con-

187 3933 308 4006 trarius,
327 3925 370 3988 illi
392 3927 475 3986 ciues
495 3939 554 3984 non
577 3923 728 3999 assistent,
750 3936 810 3981 nec
831 3917 1001 3998 defendent,
1025 3917 1079 3982 sed
1093 3924 1199 4001 pocius
1215 3918 1363 4000 juvabunt
1384 3922 1568 4062 episcopum,

189 4011 270 4096 quod
288 4014 407 4096 justicia
429 4008 480 4072 hat
500 4008 539 4071 de
559 4009 637 4088 ipso,
659 4004 824 4069 secundum
846 4005 927 4087 quod
956 4009 1113 4070 sentencia
1133 4002 1305 4086 dicteuerit,
1335 4023 1394 4087 quo
1449 4007 1474 4066 si
1507 4021 1567 4065 non

187 4097 324 4170 iacerent
345 4099 449 4184 ugiuti
471 4100 598 4178 metior
621 4094 717 4174 ciues,
738 4090 781 4161 hi
800 4091 959 4162 udeicet:
982 4088 1209 4256 011111ιά1514
1210 4088 1412 4216 1111111111
1421 4134 1432 4172 ,
1460 4086 1497 4155 11.
1528 4089 1566 4154 de
