3768 4728
906 453 1124 532 Monumenta

930 742 1103 869 conuul.

618 993 707 1060 Αιιιιι
736 991 843 1076 ¹239,
868 993 1089 1074 craimedarii,
1119 996 1198 1077 apud
1220 995 1362 1062 Nureube
1382 1016 1412 1080 g.

324 1182 537 1257 Hermannus
564 1181 817 1278 herbipolensis
845 1183 1028 1276 episcopus
1055 1181 1097 1254 ad
1124 1204 1247 1278 preces
1271 1181 1457 1256 Burclrardi
1483 1184 1525 1256 da
1547 1183 1712 1256 Wit-ans-

326 1281 406 1354 dori
429 1291 464 1354 et
491 1281 549 1353 lrlii
577 1285 649 1353 eius
675 1279 860 1353 Barchardi
886 1281 1052 1352 decimam
1078 1285 1111 1353 in
1139 1281 1269 1374 Geriut,
1294 1305 1392 1376 qoam
1419 1288 1483 1378 ipsi
1500 1283 1540 1355 ab
1557 1283 1711 1354 ecclesia

324 1381 556 1477 herbipolensi
582 1385 617 1454 in
643 1381 744 1484 iepdo
770 1379 1020 1476 possederant,
1048 1381 1109 1454 sed
1137 1382 1200 1454 silai
1227 1386 1511 1476 resignaverant,
1548 1382 1711 1454 iratribus

324 1481 502 1578 hospitalis
530 1491 668 1554 sanctae
693 1481 821 1554 llariae
846 1480 965 1553 domus
993 1481 1281 1554 Theutoaieorum
1308 1485 1340 1554 in
1372 1479 1615 1582 proprietatem
1642 1481 1711 1570 dat,

325 1605 366 1657 ac
392 1585 425 1656 in
452 1591 642 1656 restaurem
670 1607 688 1654 a
714 1580 812 1654 dietis
838 1581 1042 1654 Burclnrrdis
1069 1581 1156 1655 lona
1182 1605 1300 1654 eorum
1327 1587 1360 1656 in
1388 1583 1551 1658 Stadelen
1576 1585 1713 1678 recipit,

707 1703 793 1776 quae
822 1685 854 1753 in
881 1681 1015 1756 leodem
1043 1683 1164 1756 iisdem
1191 1681 1310 1754 reddit.

424 1847 450 1923 1.
478 1874 510 1924 n.
539 1850 569 1922 d.
598 1876 627 1921 a.
680 1851 957 1924 ilermannus
997 1851 1051 1925 dei
1088 1857 1198 1947 gratia
1234 1852 1486 1951 herbipolensis
1514 1857 1711 1950 episcopus

326 1951 493 2023 Nouerint
517 1953 671 2023 uniuersi
698 1951 793 2023 liuius
821 1956 944 2048 pagine
971 1955 1209 2048 inspectores,
1237 1955 1326 2048 quod
1352 1953 1640 2026 Burclrardus
1667 1953 1715 2025 de

325 2049 1711 2150 Witansdorijunior,deeimaminGeriut,quamipseetBurchardns

327 2149 369 2221 de
394 2151 702 2242 Witansdori,
736 2164 832 2248 pater
859 2175 965 2244 sous,
1004 2153 1045 2225 alr
1073 2153 1222 2227 ecclesia
1248 2165 1367 2226 nostra
1395 2159 1428 2226 io
1456 2153 1559 2226 leodo
1589 2157 1713 2250 possi-

327 2249 552 2342 lalaetano
580 2263 614 2324 et
639 2255 744 2347 patris
772 2257 824 2326 sui
850 2256 987 2326 nomine
1022 2255 1055 2325 in
1092 2257 1220 2327 nostris
1249 2255 1402 2330 manibus
1432 2258 1621 2350 resignauit
1648 2279 1712 2350 pro

327 2373 367 2422 se
394 2361 428 2424 et
454 2363 549 2447 patre
577 2375 639 2424 suo
668 2353 880 2448 supplicare,
923 2364 959 2424 ut
997 2357 1104 2449 ipsam
1131 2355 1295 2428 decimam
1334 2355 1493 2430 iratribus
1530 2355 1711 2451 hospitalis

327 2461 446 2524 sancte
471 2449 578 2524 Mario
605 2451 725 2524 domus
753 2453 1039 2525 Tlreutonicorum
1067 2454 1148 2526 dare
1174 2458 1463 2551 improprietatem
1481 2456 1711 2550 dignaremur,

328 2549 430 2622 Gaius
456 2551 615 2646 precibus
642 2553 804 2641 inclinati,
831 2553 1016 2647 predictam
1041 2554 1204 2626 decimam
1231 2561 1266 2628 in
1294 2555 1451 2627 Geriut
1477 2552 1519 2627 de
1537 2579 1712 2628 consensu

328 2651 466 2746 capituli
491 2655 600 2723 nostri
627 2650 785 2723 iratribus
821 2653 910 2724 dicte
945 2652 1065 2725 domus
1103 2656 1318 2750 integraliter
1354 2656 1498 2746 damus,
1534 2656 1710 2744 tradimur,

327 2773 368 2820 ac
393 2750 558 2822 donamus
585 2753 618 2822 in
645 2755 853 2848 proprietate
887 2763 1052 2848 perpetuo
1087 2755 1337 2850 possidendam.
1392 2755 1565 2852 Sepedicti
1601 2759 1710 2826 eriam

325 2849 364 2922 B.
393 2849 435 2921 de
460 2849 751 2924 Witansdorl
773 2874 872 2926 manu
899 2853 1085 2926 coadunata
1113 2861 1234 2928 uxoris
1263 2880 1325 2928 suo
1353 2913 1360 2926 .
1391 2912 1397 2928 .
1429 2913 1435 2926 .
1466 2912 1473 2926 .
1511 2867 1543 2928 et
1570 2857 1710 2928 Burc-

326 2947 489 3022 hardus
516 2947 603 3024 lilius
631 2973 711 3022 suus
746 2949 835 3024 bona
861 2955 1076 3048 proprietatis
1114 2977 1233 3028 eonrm
1267 2960 1300 3030 in
1338 2955 1578 3046 Stadeleu,
1612 2960 1710 3028 anrris

329 3049 475 3142 singulis
502 3050 659 3122 valencia
685 3050 798 3124 XXVI
824 3058 1016 3125 sumerinos
1043 3054 1202 3128 immenti
1231 3059 1454 3152 etamplius,
1487 3068 1525 3128 vt
1560 3057 1710 3128 ecclesia

326 3158 444 3220 nostre
470 3151 504 3222 in
530 3149 593 3222 hac
619 3161 716 3246 parte
741 3150 1090 3247 indempuismaneat,
1117 3155 1159 3226 de
1177 3155 1709 3228 consensaveoerabilisdomini

327 3247 565 3320 Friderici
591 3254 744 3348 episcopi
772 3255 992 3341 eistetensis,
1030 3258 1125 3328 ouius
1164 3257 1405 3328 ministeriales
1441 3258 1616 3346 dicenter,
1654 3260 1709 3350 qui

328 3369 408 3420 suas
434 3359 591 3444 patentes
619 3350 737 3424 literas
766 3351 946 3424 destinauit
984 3353 1083 3426 nobis
1123 3355 1164 3426 do
1192 3355 1459 3447 ratihabiciooe,
1495 3368 1614 3429 nostre
1642 3357 1708 3427 de-

327 3445 449 3524 derunt
472 3449 624 3522 ecclesie
649 3454 683 3524 in
704 3461 908 3542 restaurem,
934 3457 1153 3550 proprietatis
1179 3460 1316 3529 noorioe
1331 3457 1551 3551 possidenda,
1578 3462 1709 3551 etipsa

327 3547 418 3622 bona
444 3549 525 3625 loeo
552 3549 705 3646 predicte
731 3550 861 3624 decima
887 3558 1024 3628 nomine
1049 3553 1141 3627 leodi
1177 3580 1196 3626 a
1223 3567 1341 3630 nostra
1367 3557 1518 3633 ecclesia
1543 3559 1708 3653 posside-

326 3647 418 3721 bunt.
470 3649 515 3722 Et
539 3660 576 3721 ut
601 3649 666 3722 hec
698 3651 854 3726 omnibus
879 3653 1057 3748 patefiant,
1092 3677 1235 3749 presens
1270 3661 1429 3750 scriptum
1468 3657 1557 3730 dicte
1596 3658 1709 3730 dernui

327 3747 494 3838 dedimus,
519 3751 625 3843 sigilli
652 3755 761 3824 nostri
786 3753 1190 3826 nurnimineroboratum.
1220 3757 1364 3828 Testes:
1392 3757 1588 3830 Gerlrardus
1605 3757 1708 3830 abbas

328 3853 437 3930 sancti
476 3849 595 3923 Jacobi
638 3850 820 3924 Scotorum
867 3855 900 3924 in
944 3853 1172 3946 Wirceliurp,
1214 3859 1380 3950 magister
1423 3857 1623 3933 Watruerus
1666 3857 1708 3930 de

328 3947 576 4043 Tanoeoberg,
610 3949 775 4024 Albertus
811 3952 853 4022 de
896 3949 1121 4041 Grindelach,
1163 3954 1337 4028 Ourrradus
1373 3953 1415 4028 do
1447 3957 1707 4051 Eogersberge,

328 4051 485 4121 canonici
518 4047 803 4146 herbipolenses,
842 4050 1072 4126 Warrnundus
1112 4052 1154 4125 de
1190 4055 1314 4146 Erlah,
1347 4055 1527 4133 lleinricus
1565 4058 1707 4155 dapiler,
