3774 4728
521 521 529 534 ·
573 479 789 574 episcopatus
815 475 1109 575 «biburgensis.

788 907 917 984 conn.
1045 890 1046 893 ‘

516 1106 604 1172 Anno
630 1103 733 1186 1227,
767 1105 815 1173 11.
838 1108 976 1194 Augusti,
997 1109 1184 1175 nummum.

166 1295 349 1368 Heinricus
375 1293 446 1366 vu.
475 1292 688 1366 advocatiam
714 1296 830 1366 curiae
861 1297 896 1365 in
922 1293 1202 1390 Frickenhnsen,
1235 1295 1277 1370 ad
1303 1297 1546 1369 amaseam

168 1395 312 1468 Ahusen
339 1403 562 1491 spectantem,
587 1412 685 1488 qoam
712 1393 753 1464 ab
779 1397 979 1490 episcopatu
1003 1396 1236 1492 herbipolensi
1250 1401 1285 1469 in
1304 1395 1408 1468 feodo
1426 1397 1546 1486 tenurit,

165 1494 363 1567 Hermanno
390 1497 555 1590 episcopo
589 1493 821 1590 herbipolensi
859 1497 1034 1588 resignat,
1073 1496 1114 1568 ab
1153 1497 1343 1593 eodemque
1378 1498 1545 1592 episcope

167 1599 359 1684 remissam,
384 1593 559 1692 praedicto
585 1597 794 1666 monasterio
822 1591 1009 1667 confirmat.

376 1792 495 1857 ιιιιιιιι
516 1797 546 1856 ιι
567 1791 644 1856 uon.
668 1793 750 1856 aare.
782 1791 848 1857 voi.
870 1793 974 1858 ιιιιιιι.
997 1793 1105 1858 amu.
1128 1812 1197 1879 pag.
1210 1789 1272 1858 aaa
1293 1745 1547 1858 mccuxdvu

689 2219 693 2237 '
786 2225 932 2300 ocxffl.

611 2411 699 2474 Anno
725 2409 814 2474 1228.
860 2411 943 2496 [ante
965 2409 1017 2477 27.
1040 2411 1143 2495 Fciam]

167 2601 379 2676 Hermannus
404 2595 655 2692 herbipolensis
683 2595 855 2668 ecclesiae
882 2600 1064 2692 episcopus
1091 2595 1196 2670 nobili
1220 2599 1299 2669 viro
1318 2595 1475 2670 Conrado
1501 2597 1544 2670 de

166 2699 383 2774 Nuwenburc
406 2719 469 2794 pro
495 2695 594 2770 honis
621 2699 655 2767 in
682 2694 833 2791 Segouia
859 2700 1042 2791 resignatis
1070 2699 1196 2769 curiam
1222 2699 1257 2768 in
1283 2695 1475 2789 Osthusen,
1501 2697 1543 2772 ab

375 2801 451 2894 ipso
477 2799 510 2868 in
536 2805 728 2868 restaurum
755 2795 915 2888 oblatam,
936 2801 1014 2889 jure
1040 2793 1166 2868 feodali
1193 2795 1337 2870 confert.

266 2971 291 3043 1.
319 2993 351 3043 n.
379 2991 407 3042 s.
435 2991 466 3040 e.
493 2973 515 3040 i.
542 2979 564 3040 t.
615 2967 892 3042 Hermannus
920 2968 974 3041 dei
1000 2971 1110 3063 gratie
1123 2968 1376 3065 herbipolensis
1391 2969 1544 3043 ecclesie

168 3075 349 3168 episcopus
378 3121 386 3140 .
416 3123 459 3140 ..
509 3067 669 3143 Notum.
699 3123 706 3138 .
737 3122 744 3137 .
771 3091 852 3142 esse
885 3068 1043 3142 uolumus
1077 3073 1249 3144 uniuersis
1286 3069 1383 3142 huius
1418 3073 1545 3164 pagine

167 3167 438 3267 inspectoribus,
477 3171 567 3264 quod
591 3166 715 3244 nobilis
742 3171 795 3238 vir
822 3167 1052 3242 Ounradus
1080 3168 1121 3242 de
1147 3167 1430 3242 vaenburc
1454 3168 1544 3244 hona

166 3273 199 3344 in
226 3269 420 3364 Segouia
448 3269 524 3358 sita,
551 3271 683 3344 scilicet
708 3265 839 3338 ΧιῖΙῦῑ111
860 3271 985 3362 jugera
1008 3272 1184 3342 vinearum
1211 3279 1245 3340 et
1269 3291 1370 3340 unam
1396 3267 1542 3360 domum,

167 3393 232 3466 que
258 3374 293 3442 in
318 3367 421 3442 feodo
448 3365 578 3443 diucius
606 3395 625 3442 a
650 3363 749 3440 nobis
775 3367 997 3464 possederat,
1037 3371 1071 3440 in
1104 3391 1222 3440 manus
1256 3374 1393 3441 nostras
1421 3371 1543 3463 resig-

168 3473 260 3543 nauit
285 3473 517 3564 instanterque
542 3471 675 3566 petivit,
700 3477 738 3540 vt
757 3490 798 3538 ea
823 3478 858 3540 et
883 3472 935 3542 ius
961 3467 1209 3541 infeodacioms
1236 3477 1368 3558 nostre,
1394 3467 1482 3562 quod
1508 3472 1544 3541 in

169 3574 219 3644 eis
249 3569 376 3641 habere
402 3567 619 3662 videbamur,
656 3571 782 3640 sanctis
808 3565 1000 3640 martiribus
1026 3567 1160 3641 Kiiiano
1200 3578 1234 3639 et
1260 3570 1365 3640 sociis
1400 3571 1474 3642 eius
1508 3571 1544 3641 in

168 3673 412 3766 propietatem
438 3669 682 3742 conferremus
699 3676 735 3738 et
759 3665 1030 3762 Berngerum
1056 3671 1169 3742 ciuem
1195 3666 1414 3740 werdensem
1451 3689 1542 3764 pos·-

170 3791 347 3844 sessorem
374 3767 572 3860 eorumdem,
598 3768 661 3843 sub
680 3769 817 3840 nomine
843 3790 982 3858 census,
1007 3767 1125 3840 fecere
1152 3767 1379 3862 dignaremur.
1429 3767 1474 3840 Et
1497 3787 1543 3842 ne

171 3871 205 3941 in
230 3868 294 3941 hac
319 3867 502 3941 donatione
529 3869 672 3964 aliquram
700 3871 945 3960 sustineremus
972 3870 1145 3958 iniuriam,
1181 3867 1289 3941 dictus
1318 3864 1355 3938 O.
1382 3865 1482 3944 nobis
1509 3877 1544 3940 et

172 3969 320 4042 ecclesie
345 3977 464 4042 nostre
490 3973 617 4042 coriam
654 3989 748 4042 suam
786 3972 979 4064 propriam,
1021 3970 1117 4040 sitam
1150 3969 1189 4039 in
1224 3964 1472 4062 Osthusen,
1507 3970 1543 4040 in

172 4077 359 4142 rosunum
387 4067 611 4160 contradidit,
649 4078 683 4141 et
717 4089 792 4140 eam
831 4067 975 4142 anobis
1001 4070 1131 4163 recepit
1154 4069 1233 4143 ivre
1257 4065 1350 4140 feodi
1375 4075 1542 4164 perpetuo
