3838 4728
646 457 864 551 episcopatus
888 453 1186 550 wirziburgensis.
1530 453 1603 530 557

223 653 350 728 mditea
378 662 413 726 at
437 650 481 726 ub
505 662 649 748 unaque
674 657 819 750 partium
843 659 922 752 ipse
936 653 1094 729 dominns
1108 653 1403 750 babenbergensis
1418 657 1604 754 episcopus

218 777 282 854 pro
308 771 461 850 persona
487 752 598 826 media
623 763 703 828 sunt
728 754 845 846 electi,
871 758 928 851 qui
954 755 1122 850 siquidem
1148 766 1292 851 quatuor
1316 758 1429 845 iurati,
1455 759 1486 828 si
1501 761 1604 852 quic-

219 875 318 950 quam
343 857 432 926 inter
465 852 652 948 predictum
686 854 857 927 dominum
897 865 1052 928 nostrum
1089 855 1368 952 herbipolensem
1406 857 1605 950 episcopum

220 965 278 1026 aut
301 975 367 1025 nos
394 964 513 1026 contra
541 953 684 1026 eandem
697 955 916 1027 concordiam
936 965 1205 1052 attemptaretur‚
1232 953 1274 1027 ad
1287 955 1606 1052 interpellacioncm

219 1055 297 1126 lese
324 1057 430 1149 partis
457 1057 645 1126 conuenire
671 1052 797 1126 debent
822 1077 882 1146 ea,
909 1078 975 1151 que
1001 1066 1121 1128 contra
1147 1079 1267 1152 paoem
1293 1055 1383 1128 facta
1409 1063 1505 1143 sunt,
1539 1077 1605 1128 se-

221 1153 362 1226 eundum
384 1175 537 1226 amorem
562 1151 622 1225 uel
646 1156 815 1226 iusticiam
840 1155 999 1230 decisuri.
1035 1157 1123 1229 Etsi
1148 1159 1182 1229 in
1208 1156 1273 1228 hiis
1289 1153 1486 1226 decidendis
1514 1177 1605 1228 eon-

221 1253 366 1326 cordare
391 1275 461 1326 non
486 1263 643 1348 possent,
670 1257 734 1349 ipsi
760 1265 937 1354 assumpto
963 1258 1015 1328 eis
1041 1255 1195 1352 predicto
1212 1255 1349 1328 domino
1364 1309 1372 1326 .
1390 1253 1606 1326 babenber-

225 1357 325 1448 gensi
367 1355 556 1449 episcopo,
593 1361 711 1448 utpote
749 1375 898 1451 persone
943 1355 1073 1445 media,
1115 1355 1158 1427 de
1197 1355 1375 1428 decisione
1413 1353 1607 1426 huiusmodi

224 1452 488 1549 attemptabant,
523 1463 558 1525 et
583 1456 617 1524 in
644 1475 855 1549 quecumque
882 1454 1001 1526 eadem
1028 1477 1178 1550 persona
1214 1455 1326 1528 media
1363 1477 1439 1526 cum
1477 1453 1607 1527 duabus

223 1576 270 1626 ex
295 1551 457 1650 predictis
482 1557 643 1650 personis
671 1554 934 1626 concordauerit
953 1555 1089 1627 illarum
1105 1554 1260 1646 decrero,
1286 1577 1380 1652 pars,
1406 1576 1471 1650 que
1487 1564 1608 1626 contra

222 1675 342 1750 pacem
368 1663 525 1744 uenerat,
548 1675 672 1750 parere
697 1653 867 1726 tenebitur
899 1653 987 1726 inira
1024 1653 1110 1728 duos
1147 1677 1287 1729 menses
1326 1664 1407 1750 post
1432 1654 1607 1727 decretum

224 1753 349 1828 editum
374 1751 617 1842 numerandos,
643 1752 733 1848 quod
759 1757 790 1827 si
815 1777 884 1825 non
909 1754 1044 1844 lecerit,
1071 1777 1118 1827 cx
1143 1754 1390 1828 tnncdominus
1407 1753 1607 1826 babenber·
1689 1776 1695 1788 ·

223 1857 342 1948 gensis
369 1857 552 1949 episcopus
579 1864 728 1926 custmnr
753 1856 860 1949 partis
886 1864 1006 1927 contra
1040 1875 1161 1950 pacem
1186 1854 1344 1930 incientis
1384 1858 1470 1951 parti
1507 1853 1609 1926 alteri

224 1976 292 2026 vna
330 1975 406 2024 cum
433 1964 548 2026 castro
580 1956 725 2050 proprio
752 1954 942 2048 assignabit
968 1957 1002 2026 in
1039 1977 1162 2050 penam
1198 1955 1310 2028 libere
1353 1953 1607 2050 possidendum.

224 2051 317 2128 Sane
343 2055 459 2150 siqua
484 2057 574 2126 inter
598 2053 769 2150 predictas
796 2065 941 2149 quatuor
966 2075 1135 2150 personas
1162 2076 1209 2128 ex
1233 2076 1338 2130 causa
1358 2053 1608 2150 euidentiprc-

225 2151 314 2225 dicte
339 2151 507 2226 decisioni
532 2177 603 2228 non
623 2164 752 2256 posset
775 2153 931 2228 forsitam
947 2157 1132 2246 interesse,
1158 2155 1225 2228 alia
1240 2177 1392 2252 persona
1408 2155 1489 2226 loco
1515 2153 1608 2228 illius

227 2251 379 2326 absentis
406 2257 472 2326 erit
497 2253 627 2348 absque
653 2277 737 2326 vara
763 2254 912 2348 qualibet
949 2251 1188 2348 subroganda3
1217 2256 1374 2330 similiter
1411 2258 1441 2328 si
1476 2253 1609 2348 quando

224 2351 412 2449 predictum
460 2353 632 2426 dominum
677 2365 833 2426 nostrum
872 2353 1192 2447 babenbergensem
1241 2359 1441 2450 episcopum
1481 2352 1609 2428 abesse

228 2457 456 2546 contingeret,
482 2455 558 2550 ipse
584 2452 735 2526 nobilem
761 2456 871 2526 virum
896 2452 1196 2528 Eberhardum
1222 2451 1264 2524 de
1292 2451 1610 2546 Slunnelberg‚

226 2564 381 2626 nostrum
407 2552 630 2642 auunculum,
663 2553 722 2624 uel
748 2553 871 2642 atium,
906 2555 936 2626 si
968 2556 998 2624 is
1032 2551 1150 2626 haberi
1176 2553 1356 2626 commode
1381 2574 1452 2625 non
1478 2561 1611 2646 posset,

226 2653 408 2728 substituet
433 2655 510 2726 uice
536 2657 601 2726 sui.
661 2655 796 2724 Dictum
829 2663 883 2725 est
920 2657 1046 2742 etiam,
1079 2653 1170 2748 quod
1206 2657 1236 2725 si
1274 2653 1430 2725 dominos
1468 2661 1611 2725 nostros
1735 2722 1738 2741 ,

226 2753 505 2848 herbipolensem
533 2765 590 2825 aut
603 2751 922 2846 babenbergensem
938 2757 1123 2848 episcopos
1139 2752 1227 2825 inira
1241 2753 1408 2847 prefatum
1428 2755 1611 2824 terminum

228 2852 354 2924 cedere
380 2853 438 2925 uel
464 2852 655 2943 decedere,
692 2865 749 2924 aut
773 2875 838 2925 nos
864 2852 984 2926 ambos
1011 2857 1098 2926 mori
1125 2856 1363 2947 contingeret,
1396 2855 1471 2947 ipsa
1498 2861 1613 2924 castra

226 2955 396 3048 utrimque
422 2963 501 3026 sunt
525 2951 676 3049 partibus
702 2951 921 3024 restituenda.
955 2951 1146 3026 Notandum
1170 2955 1284 3041 etiam,
1311 2951 1398 3048 quod
1416 2953 1446 3023 si
1461 2951 1615 3046 predicta

230 3063 345 3126 castra
371 3064 429 3126 aut
453 3054 598 3126 alterum
625 3075 745 3125 eornm
770 3052 857 3124 infra
885 3053 1007 3123 dictum
1034 3056 1216 3125 trienninm
1236 3055 1312 3149 capi
1338 3049 1505 3148 autperdi
1521 3075 1615 3148 quo-

234 3151 405 3247 quomodo
433 3157 671 3248 contingeret‚
709 3153 751 3225 de
789 3152 857 3225 hoc
882 3152 924 3224 ad
949 3155 1058 3248 ipsum
1099 3152 1269 3226 dominum
1296 3151 1616 3245 babenbergensem

232 3251 1424 3450 stiltiidibmillitis„:lllllittlltltlillltl
1440 3262 1616 3449 §sistit

232 3452 478 3548 recuperanda.
531 3453 710 3526 Adiectum
738 3463 792 3525 est
829 3455 953 3544 etiam,
987 3453 1076 3548 quod
1110 3457 1144 3526 in
1169 3457 1254 3549 ipsis
1280 3456 1402 3525 castris
1430 3473 1616 3548 eorumque

232 3553 418 3626 attinentiis
447 3577 467 3624 a
492 3553 642 3648 partibus
669 3551 827 3625 hincinde
858 3563 916 3624 aut
931 3575 1049 3625 eorum
1063 3551 1252 3626 hominibus
1272 3552 1366 3623 nulla
1380 3562 1458 3624 sunt
1470 3573 1615 3650 prorsus

232 3655 379 3747 pignora
406 3652 549 3724 durante
574 3653 728 3748 predicto
755 3653 902 3723 termino
919 3653 1091 3748 capienda.
1120 3653 1193 3727 Nos
1209 3651 1615 3747 itaquellermannus

234 3773 351 3826 cemes
379 3751 423 3824 de
447 3753 722 3844 llenneberg
747 3761 782 3822 et
820 3751 975 3823 dominus
1001 3763 1122 3824 noster
1151 3751 1361 3824 venerabilis
1386 3761 1483 3848 pater
1502 3753 1615 3824 Rer-

231 3850 419 3924 tholdus
459 3851 711 3946 herbipolensis
753 3855 937 3947 episcopus
978 3851 1121 3947 predicti
1160 3853 1271 3940 hanc,
1310 3873 1376 3946 que
1415 3855 1617 3946 premittitur

230 3949 388 4041 formam,
414 3951 457 4022 de
482 3951 590 4023 uerbo
618 3951 660 4022 ad
685 3949 827 4024 uerbum
853 3962 1152 4044 recognoscentes
1177 3975 1241 4049 per
1267 3954 1379 4024 omnia
1405 3955 1451 4021 ita
1477 3973 1559 4024 cese
1575 3973 1617 4026 ae

230 4051 266 4122 in
289 4051 386 4124 illam
409 4050 600 4139 liberaliter
625 4053 897 4142 consentientes,
932 4055 1041 4147 ipsam
1067 4055 1266 4128 iuramentis
1304 4050 1531 4147 corporaliter
1553 4073 1617 4150 per
