3794 4722
525 595 528 604 .
582 510 798 602 episcopatus
826 505 1117 624 wirziburgenpis.
1473 501 1542 574 163

166 703 423 780 archidiaconus
435 714 499 775 tam
508 703 725 799 presentibus
742 729 839 799 quam
855 707 1004 824 posteris
1017 713 1132 776 notum
1146 702 1247 790 lacio,
1265 701 1355 796 qnod
1367 725 1442 773 cum
1452 725 1543 774 con-

166 825 270 876 sensu
297 803 399 875 electi
415 807 526 877 nostri
539 803 664 874 domini
680 803 839 876 lleinri
851 808 888 875 ci
914 815 948 878 et
962 807 1065 877 totius
1083 803 1220 898 capituli
1235 801 1432 874 duodecim
1423 825 1544 895 iugera

166 907 383 974 uinearumin
399 903 540 975 Thuel
553 902 694 974 eheim
709 913 742 975 et
755 907 918 998 quatuor
909 927 942 974 ιιι
957 893 1161 975 Raderen
1174 925 1235 998 pro
1252 901 1433 974 medicinis
1444 901 1543 973 lruc-

164 1001 985 1106 tuntcrtoldodeRehestohcatvxori
1005 1026 1067 1076 sue
1087 1001 1275 1090 Sahene,
1301 1023 1367 1096 quo
1385 999 1426 1072 ad
1442 1005 1543 1074 urtam

165 1107 342 1196 utriusque
369 1107 542 1192 concessi,
567 1102 634 1174 hcc
658 1113 772 1198 pacto,
798 1104 888 1224 quod
913 1103 1002 1175 hene
1028 1101 1543 1175 etlidelitercolantetomnem

167 1225 356 1298 expensam
382 1213 450 1275 tam
475 1207 509 1276 in
536 1202 665 1274 cultura
690 1225 787 1297 quam
824 1208 860 1275 in
897 1207 1008 1276 uineis
1035 1201 1239 1297 colligandis
1277 1211 1312 1273 et
1347 1199 1544 1274 custodibus

162 1301 421 1376 remunerandis
448 1302 491 1374 de
518 1325 581 1376 suo
609 1303 808 1398 persoluant
832 1315 867 1376 et
891 1315 970 1398 post
994 1307 1102 1397 ipsam
1117 1303 1357 1376 collectionem
1374 1303 1544 1374 annuatim

165 1405 280 1473 uinum
308 1406 341 1474 in
367 1406 450 1498 ipsis
488 1405 597 1476 uineis
635 1402 810 1475 diuidatur.
862 1404 1005 1498 lnsuper
1041 1403 1193 1497 quolibet
1230 1423 1318 1474 anno
1359 1399 1401 1471 ad
1433 1404 1542 1473 minus

164 1523 266 1574 unum
295 1501 336 1574 de
362 1502 523 1597 predictis
550 1501 723 1596 iugeribus
760 1501 838 1574 limo
874 1503 1082 1576 sufficientur
1107 1504 1316 1574 melioretur.
1368 1499 1543 1573 Adicimus

166 1605 281 1690 etiam,
308 1601 398 1696 quod
423 1605 597 1698 proximus
624 1601 727 1674 heres
752 1607 903 1699 ipsorum
930 1601 1053 1674 eodem
1078 1605 1151 1674 iure
1192 1613 1226 1674 ct
1250 1611 1349 1697 pacto
1386 1604 1420 1672 in
1446 1623 1544 1672 usum

168 1711 202 1772 et
229 1701 395 1774 culturam
422 1701 615 1774 earumdem
641 1706 816 1776 uinearum
843 1707 926 1799 ipsis
955 1702 1127 1792 succedat,
1155 1701 1230 1772 dum
1258 1700 1359 1773 modo
1386 1699 1567 1772 dominos¹

164 1803 304 1874 maioris
332 1803 482 1874 ecclesie
510 1800 698 1874 certificare
732 1806 842 1898 possit
879 1802 1059 1875 sufficienti
1098 1801 1241 1873 adhibita
1282 1805 1458 1890 cautione,
1496 1803 1543 1872 ita

164 1900 254 1995 quod
279 1905 362 1997 ipsis
389 1905 422 1973 in
434 1901 500 1974 hoc
524 1901 627 1973 nichil
643 1902 795 1974 decedat.
846 1903 984 1975 Herede'
1007 1925 1091 1974 uero
1113 1903 1173 1974 illo
1193 1913 1339 1990 mortuo,
1367 1899 1426 1972 ille
1442 1902 1543 1971 uince

163 2000 335 2096 hospitali,
362 2005 415 2072 cui
442 2005 623 2098 pertinent,
648 2003 862 2096 integraliter
888 2013 922 2074 et
940 2003 1096 2075 absolute
1122 2002 1252 2074 cedant.
1305 2003 1411 2074 Huius
1432 2011 1543 2070 autem

163 2099 293 2173 loboris
330 2111 365 2172 et
399 2125 479 2174 cure
507 2101 769 2174 sollicitudinem
795 2103 966 2198 predictus
998 2102 1244 2174 Bou-toldus
1285 2113 1319 2172 et
1354 2123 1443 2171 uxor
1481 2121 1542 2170 sua

162 2203 273 2294 magis
299 2223 362 2297 pro
388 2201 541 2274 remedio
569 2207 753 2274 animarum
781 2225 927 2292 suarum,
955 2225 1052 2297 quam
1079 2227 1140 2298 pro
1169 2203 1347 2296 temporali
1362 2198 1542 2272 commodo

162 2311 390 2396 susceperuut
422 2323 496 2372 cum
540 2305 656 2396 grauis
683 2301 781 2400 lphor
820 2311 854 2373 ct
890 2325 1044 2420 expensa
1086 2305 1209 2373 uinetis
1257 2302 1387 2372 cultura
1432 2297 1543 2370 debita

162 2399 333 2474 destitutis
369 2399 513 2472 debeant
547 2400 708 2474 adhiberi.
758 2402 864 2474 lluins
906 2406 956 2472 rei
998 2412 1104 2474 testes
1145 2411 1221 2474 sunt
1262 2401 1399 2472 clerici:
1441 2397 1542 2469 Othto

161 2503 272 2572 maior
297 2505 511 2596 prepositus,
544 2502 683 2574 Persius
710 2505 789 2573 vice
817 2502 987 2591 decanus,
1027 2501 1192 2573 Gerlacus
1229 2503 1423 2596 prepositus
1460 2501 1542 2568 noui

160 2603 375 2691 monasterii,
400 2601 666 2673 Volchcnandus
694 2611 825 2692 cantor,
852 2601 1087 2673 Theudoricus
1113 2603 1306 2696 prepositus
1345 2600 1387 2670 dc
1414 2607 1543 2687 monte,

159 2698 337 2773 Arnoldus
365 2703 579 2796 prepositus,
618 2701 836 2774 Gothelridus
870 2704 1085 2798 prepositus,
1120 2701 1300 2774 Heinricus
1328 2699 1542 2788 cellerarius,

160 2800 343 2876 Heinricus
370 2803 615 2895 portumnus,
654 2801 789 2895 lringus
816 2801 1071 2875 archidiaconus
1107 2801 1148 2873 de
1174 2801 1389 2886 Zabelstein,
1428 2801 1540 2870 llerno

161 2903 362 2989 canonicus,
388 2895 485 2974 Ulmo
503 2898 611 2989 Saxo,
638 2899 872 2974 Theudoricus
887 2901 1081 2994 Flosculus,
1109 2900 1288 2996 Gerungus
1306 2897 1542 2972 deEnlreres-

162 2998 259 3088 berc,
286 2997 462 3090 Nicolaus,
487 2999 666 3072 Rudotns.
719 3001 833 3074 Laici·
862 2999 1078 3074 Gothelridus
1100 3001 1140 3073 dc
1158 2999 1403 3086 Gouuenheim,
1429 2999 1542 3072 llein-

160 3103 253 3170 ricus
281 3097 412 3190 llacho,
438 3099 639 3191 Waldeher,
666 3099 839 3174 lohannes
865 3099 953 3174 lilius
976 3100 1142 3190 Dictheri,
1166 3102 1346 3174 Heinricus
1375 3099 1544 3190 Quahelo,

159 3197 357 3270 Fridericus
373 3199 542 3290 Leuuere,
566 3200 745 3274 heinricus
772 3200 1086 3320 liliusAdelhardi,
1095 3199 1307 3274 Erkenbolth
1322 3199 1406 3288 Zan,
1429 3199 1542 3270 Hein-

160 3301 253 3370 rious
281 3297 827 3392 deB1nnleltHerolth,Bruno,
853 3287 1542 3396 lringus,HelnrieusliliusRemunardr,

162 3397 375 3490 Gnndelcoh,
401 3393 564 3492 Gvnrath,
590 3355 753 3491 Genloth,
778 3401 971 3474 Fridericus
998 3399 1086 3473 filius
1112 3401 1269 3474 Unillems'
1272 3401 1330 3490 ith,
1355 3395 1541 3488 Harborth,

162 3497 352 3588 lohannes,
379 3497 553 3595 Thruliep,
581 3497 685 3572 Samo
713 3511 747 3572 et
772 3501 830 3572 alii
856 3524 954 3596 φιιιιιι
979 3501 1108 3597 plures.

261 3611 351 3686 Acta
377 3625 454 3688 sunt
489 3614 554 3687 hec
579 3637 668 3688 anno
703 3615 872 3688 dominice
910 3620 1153 3689 incarnationis
1189 3617 1371 3688 millesimo
1406 3613 1541 3684 ducen-

162 3717 286 3786 tesimo
315 3719 440 3807 tertio,
467 3715 649 3819 indictione
677 3727 788 3804 sexta,
814 3740 934 3790 mense
959 3715 1168 3804 Februario,
1194 3724 1360 3811 regnante
1385 3711 1539 3807 Philippo

161 3813 395 3886 Romanorum
411 3837 497 3910 rege
513 3825 548 3890 et
562 3805 698 3910 semper
715 3827 873 3911 angusto,
896 3818 1057 3890 Heinrico
1073 3817 1374 3912 uuircchurgensis
1389 3813 1541 3886 ecclesie

164 3913 276 3986 electo
300 3913 510 4010 presidente,
534 3915 721 3988 Bertholdo
749 3917 843 3990 vrbis
869 3917 1024 4014 prolecto
1052 3921 1234 3990 existente.

372 4111 507 4197 Sigillum
531 4115 649 4196 capituli
671 4119 792 4180 maioris
816 4117 966 4179 ecclesiae
987 4123 1165 4198 impressum
1187 4113 1282 4180 adest.

1135 4203 1210 4277 21*
