3794 4722
963 743 1080 818 GXlll.

915 943 1006 1007 Anno
1031 937 1123 1006 11⁷0.

321 1125 494 1204 Heroldus
530 1124 823 1220 wirzeburgensis
858 1126 1011 1200 ecclesie
1054 1127 1209 1200 minister
1248 1145 1365 1198 aream
1412 1122 1598 1224 quandam,
1637 1147 1707 1202 uno

321 1227 432 1300 latere
459 1226 579 1304 scolae
604 1225 811 1298 iudaeorum
839 1229 1046 1319 contiguam,
1071 1247 1092 1296 a
1115 1222 1277 1298 Heinrico
1304 1222 1347 1296 de
1360 1223 1539 1318 Rimpure,
1565 1247 1707 1318 eogno-

321 1329 449 1400 minato
484 1323 722 1398 Sokiltkeneht
754 1328 984 1420 resignatam,
1017 1322 1118 1396 tradit
1157 1320 1289 1394 cuidam
1318 1322 1450 1397 Judaeo
1484 1321 1637 1398 Samueli
1672 1325 1708 1400 ei

370 1428 474 1498 uxori
500 1445 585 1499 suae
612 1423 756 1515 Guthae,
785 1423 829 1498 de
853 1446 920 1522 quo
947 1425 1117 1498 annuatim
1142 1420 1291 1495 modium
1317 1425 1420 1498 uiuet
1444 1423 1656 1518 persoluent.

422 1556 460 1628 G.
511 1558 551 1630 ln
575 1560 714 1629 nomine
740 1567 859 1630 sancte
884 1565 920 1628 et
943 1553 1118 1628 indiuidua
1142 1557 1312 1629 trinitatis.
1364 1553 1615 1643 Heroldvs,
1651 1554 1706 1629 dei

320 1659 432 1750 gratia
464 1655 756 1748 wirzeburgensis
797 1655 945 1747 ecclesie
979 1657 1145 1728 minister.
1211 1653 1348 1727 Litteris
1383 1651 1486 1747 digne
1524 1675 1706 1730 censemus

319 1759 488 1847 annotari,
513 1779 576 1851 qne
603 1753 792 1850 perpetuali
812 1765 929 1845 nostre
946 1752 1239 1827 corroborationis
1272 1753 1436 1847 suffragio
1459 1752 1707 1826 rationabiliter

318 1856 495 1951 postulant
520 1852 722 1926 confirmari.
775 1851 858 1925 lnde
886 1864 959 1944 est,
992 1851 1082 1947 quod
1114 1863 1233 1924 notum
1258 1873 1342 1925 esse
1363 1852 1523 1925 uolumus
1549 1851 1705 1926 omnibus

317 1964 386 2026 tam
411 1957 583 2052 presentis
610 1974 708 2046 quam
727 1953 916 2048 postfutura
950 1950 1262 2042 ptatishominibus,
1291 1949 1382 2046 quod
1395 1973 1511 2023 aream
1526 1949 1705 2046 quandam,

317 2076 384 2126 nos
409 2055 485 2126 inre
509 2052 717 2125 hereditario
757 2073 778 2122 a
813 2051 1009 2146 parentibus
1035 2055 1312 2144 contingentem,
1351 2073 1421 2122 uno
1453 2051 1564 2122 latere
1609 2051 1704 2143 scole

317 2152 503 2225 Judeorum
519 2155 726 2244 contiguam,
753 2149 864 2223 altero
890 2151 1001 2222 latere
1021 2149 1151 2221 cuidam
1172 2149 1304 2240 cloaca,
1329 2173 1392 2246 qne
1419 2145 1540 2221 dicitur
1553 2150 1704 2244 Rigol,

318 2255 589 2341 conterminam,
626 2253 736 2322 tercio
776 2259 811 2321 et
851 2259 971 2344 quarto
1009 2249 1120 2321 latere
1162 2247 1290 2322 duabus
1333 2252 1451 2322 stratis
1497 2271 1516 2318 a
1557 2248 1704 2343 quodam

316 2349 533 2423 He'inrieo
560 2349 603 2422 de
628 2350 859 2444 Rimpure,
893 2351 950 2442 qui
983 2349 1244 2442 cognominatur
1270 2345 1616 2438 Sekiltkeneht,
1648 2349 1704 2421 oui

314 2447 564 2522 inbeneficiata
596 2450 729 2536 iuerat,
760 2451 1011 2541 requisiuimus.
1064 2447 1172 2534 Quam
1198 2447 1333 2521 sciiicet
1357 2467 1493 2536 aream,
1525 2446 1626 2520 nobis
1659 2445 1703 2520 ab

316 2569 361 2621 eo
387 2550 541 2644 legitime
566 2552 790 2640 resignatam,
816 2545 949 2618 decano
976 2555 1012 2618 et
1035 2543 1199 2620 iratribus
1225 2545 1268 2618 de
1293 2545 1396 2618 domo
1417 2545 1573 2640 legitime
1598 2545 1703 2618 dele-

315 2658 442 2741 gatam,
468 2646 733 2720 contradidimus
759 2643 891 2716 cuidam
917 2643 1026 2716 Judeo
1055 2642 1251 2716 Samueli
1287 2655 1322 2718 et
1346 2649 1451 2718 vxori
1475 2666 1536 2736 sue
1563 2643 1702 2736 Guthe

314 2755 351 2818 et
376 2769 496 2819 corum
521 2748 672 2840 posteris
698 2753 866 2838 perpetuo
893 2747 968 2815 iure
995 2741 1212 2816 obtinendam
1233 2753 1281 2816 et
1313 2749 1426 2839 quieta
1459 2765 1546 2840 pace
1579 2747 1702 2838 possi-

313 2843 470 2934 dendam,
494 2845 562 2917 hoc
588 2854 702 2937 pacto,
728 2840 819 2936 quod
844 2846 1014 2914 annuatim
1040 2845 1075 2913 in
1099 2841 1193 2916 festo
1220 2846 1329 2916 sancti
1345 2843 1470 2916 Jekobi
1484 2841 1703 2917 iratribusde

314 2939 416 3014 domo
430 2941 580 3016 modium
599 2944 701 3013 tritici
713 2941 924 3036 persoluant
953 2939 991 3015 Si
1016 2962 1101 3014 uero
1117 2961 1346 3016 successores
1362 2963 1482 3016 eorum
1508 2965 1585 3014 eam
1609 2943 1703 3016 forte

312 3039 467 3112 uendere
491 3040 675 3128 noluerint,
700 3043 810 3135 primo
836 3041 999 3136 predictis
1025 3039 1187 3112 iratribus
1204 3040 1381 3114 emendam
1394 3041 1551 3131 oderant,
1578 3041 1702 3115 deinde

313 3149 453 3234 accepta
480 3161 601 3211 eorum
625 3139 776 3228 licentia,
802 3142 833 3213 si
857 3161 928 3212 non
954 3142 1111 3230 emerint,
1136 3139 1297 3231 uendent,
1322 3143 1370 3214 ita
1395 3139 1486 3237 quod
1510 3163 1702 3236 possessor

313 3237 467 3312 eiusdem
492 3261 572 3330 aree
607 3235 767 3312 iratribus
805 3237 947 3310 eandem
982 3259 1120 3334 semper
1154 3243 1358 3333 pensionem
1389 3244 1425 3312 in
1459 3239 1583 3312 eodem
1619 3243 1699 3334 anni

311 3339 458 3410 termino
484 3337 662 3434 persoluat
694 3345 730 3408 et
763 3339 815 3410 sic
841 3337 961 3409 eedem
985 3335 1069 3430 lege
1094 3337 1281 3432 possideat.
1334 3339 1434 3427 Quod
1459 3360 1548 3433 ergo
1574 3339 1701 3412 iactum

310 3445 366 3554 est
390 3441 563 3532 presentis
591 3439 708 3554 scripti
732 3437 858 3553 pagina
882 3434 1156 3554 confirmauimus
1184 3447 1220 3510 et
1245 3441 1279 3510 ei
1294 3441 1531 3510 auctoritatem
1544 3443 1699 3534 impres-

309 3533 899 3731 tittittittttttttit
925 3533 1699 3733 ritutititttddtttttattt

309 3734 489 3808 anathema
526 3737 592 3825 sit,
643 3733 849 3805 maranatha.
911 3733 1061 3808 Testes:
1103 3732 1283 3809 Richolius
1333 3737 1444 3808 maior
1488 3739 1698 3831 prepositus,

307 3832 449 3908 Persius
475 3833 646 3923 decanus,
670 3831 909 3925 Reginhardus
935 3836 1130 3929 prepositus
1156 3835 1239 3906 noui
1279 3837 1493 3927 monasterii,
1517 3835 1701 3926 Heinricus

306 3935 503 4027 prepositus
529 3931 573 4005 de
598 3929 851 4024 Onoldisbach,
882 3930 1089 4006 Bartholdus
1115 3937 1333 4029 prepositus,
1370 3933 1537 4006 Albertus
1564 3943 1697 4025 custos,

307 4029 506 4106 Gotefridus
531 4041 664 4122 cantor,
690 4025 865 4108 Ginredus
892 4031 1109 4122 cellerarius,
1134 4031 1284 4105 Wenelo
1310 4035 1556 4129 portenarius,
1580 4032 1697 4106 Hein-
