3794 4722
590 497 808 592 episcopatus
835 493 1129 591 wirzburgensis.

803 899 916 978 cttx.
994 897 996 901 ’

528 1099 614 1165 Glrca
636 1097 725 1163 flnem
748 1105 860 1164 mensis
882 1091 994 1184 Aprllls
1016 1107 1084 1166 anni
1109 1097 1199 1165 1200.

174 1283 283 1358 lietan
297 1295 348 1355 ‘et
364 1285 538 1359 fratruelis
564 1305 647 1360 suus
672 1285 796 1378 Vivus,
821 1285 953 1376 ludaei,
979 1309 999 1358 a
1026 1307 1125 1359 manu
1151 1285 1288 1360 Gerlaci
1312 1292 1395 1361 noui
1411 1309 1556 1364 mona&

174 1389 251 1456 terii
279 1389 465 1481 prepositi,
491 1395 570 1456 tunc
604 1391 683 1458 uice
710 1386 829 1458 decani
855 1386 1048 1478 fungentis,
1080 1407 1196 1459 coram
1232 1389 1380 1483 capitulo
1418 1388 1554 1462 domum

174 1485 339 1580 quandum
368 1489 400 1556 in
427 1486 539 1580 platea
568 1486 603 1556 S.
631 1485 761 1579 Georgi
788 1485 851 1556 sibi
867 1486 1064 1579 obligatam,
1090 1491 1203 1582 quiete
1223 1488 1464 1583 possidendam
1489 1511 1554 1561 re-

175 1589 314 1680 cipiunt,
340 1593 521 1657 reservato
545 1595 658 1656 tomen
685 1587 848 1680 Gerungo
883 1587 989 1658 Diviti
1022 1589 1096 1657 iure
1128 1591 1235 1684 ipsam
1261 1588 1421 1660 solvendi
1446 1610 1554 1684 usquc

397 1687 431 1756 in
458 1688 646 1780 proximum
674 1683 940 1758 celebrationem
965 1685 1166 1782 epiphaniae
1192 1685 1328 1759 domini.

274 1853 311 1924 ln
337 1857 475 1926 nomine
501 1865 618 1925 sancte
644 1865 680 1926 et
692 1853 861 1928 indiuiduo
887 1858 1056 1926 trinitatis.
1105 1855 1234 1928 Noscat
1249 1856 1555 1932 uniuersitaslide-

174 1953 270 2042 lium,
296 1953 386 2048 quod
409 1953 537 2026 iudeus
564 1953 671 2026 dictus
697 1953 835 2028 Jacob
867 1953 1002 2027 domum
1028 1955 1192 2051 mandam
1230 1957 1265 2026 in
1298 1956 1412 2051 platea
1446 1961 1555 2030 sancti

173 2055 294 2126 Georii
320 2059 419 2126 sitam
444 2076 462 2124 a
491 2052 756 2126 Warmundo
783 2077 916 2146 genero
943 2055 1138 2148 Gerungi
1163 2057 1332 2128 Diuitis
1366 2079 1430 2152 pro
1455 2057 1554 2130 XXX

172 2157 321 2247 quinque
348 2157 471 2224 marcis
508 2153 571 2224 sibi
607 2152 810 2245 obligatam,
848 2153 918 2226 lilio
956 2175 1019 2226 suo
1056 2153 1087 2226 N
1095 2164 1196 2226 alan
1228 2165 1264 2226 et
1298 2155 1453 2228 fratrueli
1490 2179 1554 2228 suo

175 2253 288 2325 Viuo
322 2254 476 2326 similiter
514 2251 689 2346 obligauit.
742 2253 890 2327 Prodicti
936 2275 1071 2348 quoque
1104 2253 1205 2326 Judei
1237 2278 1257 2325 a
1294 2277 1393 2329 manu
1430 2255 1556 2328 domini

174 2354 213 2425 G.
237 2350 266 2445 ¹)
292 2357 373 2426 noui
389 2356 587 2426 monasterii
602 2355 781 2448 prepositi,
808 2357 864 2447 qui
880 2365 958 2424 tunc
976 2357 1052 2424 uice
1068 2353 1186 2424 deceni
1198 2353 1414 2448 fungebatur,
1440 2377 1558 2428 coram

174 2453 337 2548 capitulo,
361 2463 524 2549 presente
545 2453 755 2543 Gerungo
782 2453 947 2542 Dicite,
971 2455 1029 2546 qui
1054 2451 1151 2526 solus
1168 2463 1377 2547 potestatem
1400 2445 1558 2531 soluendi

175 2553 319 2630 eandem
345 2554 481 2627 domum
507 2551 634 2641 babuit,
656 2563 864 2647 receperunt
888 2551 956 2624 boo
979 2562 1099 2647 pecto,
1124 2551 1272 2646 quodsi
1295 2552 1447 2650 prelatus
1473 2554 1557 2634 Ge-

173 2675 346 2748 rungus
375 2659 408 2726 in
434 2656 590 2748 proxima
624 2650 858 2726 celebratione
892 2653 1079 2747 Epiphanio
1112 2651 1240 2729 domini
1275 2656 1390 2748 ipsam.
1421 2654 1558 2734 domum

172 2776 242 2828 nou
269 2753 439 2842 solueret,
463 2755 615 2826 extincta
640 2762 737 2832 esset
763 2757 837 2826 eius
853 2751 1031 2845 obligatio,
1058 2749 1195 2839 Viuus
1222 2765 1402 2847 quoquam
1417 2751 1558 2829 Noton

174 2875 235 2950 per
259 2852 595 2929 fideicommissarios
622 2873 704 2926 suos
731 2853 917 2944 prodictam
943 2851 1077 2926 domum
1100 2854 1218 2946 quiete
1238 2851 1490 2946 possiderent,
1523 2863 1559 2924 et

15 3041 16 3044 Ἴ
173 2963 298 3025 statuto
326 2975 457 3026 canone
484 2950 666 3040 soluendo,
692 2952 786 3022 nullo
814 2950 1081 3042 contradicente,
1108 2973 1225 3042 exea,
1250 2955 1398 3048 quicquit
1416 2954 1558 3043 uellent,

15 3045 16 3088 l
173 3053 380 3126 ordinarent.
432 3053 488 3124 ilii
514 3062 592 3124 sunt
618 3050 771 3124 eiusdem
805 3051 926 3124 domus
960 3049 1277 3126 fidecommissarii:
1322 3053 1558 3128 Theodericus

171 3153 375 3240 Flosculus,
401 3154 535 3237 llerno,
561 3150 742 3223 Heinricus
769 3150 811 3222 de
837 3149 975 3224 Erlabe.
1028 3150 1139 3223 boici:
1168 3151 1383 3244 Adelbunus,
1411 3153 1558 3226 Helme-

174 3257 274 3324 ricus.
318 3253 362 3324 Et
387 3262 423 3324 ut
448 3252 514 3323 bec
539 3262 612 3322 rata
627 3260 863 3346 permancant,
888 3253 1028 3324 maioris
1045 3250 1197 3326 ecclesie
1221 3252 1360 3345 siglilli)
1386 3256 1558 3348 inpressio

173 3357 328 3448 apposita
356 3363 422 3425 est.

389 3533 415 3612 ¹)
438 3534 591 3598 Gerlacus.
635 3533 768 3598 Perseus
800 3541 860 3597 lam
889 3492 996 3596 mense
1024 3529 1189 3594 Februanto
1218 3537 1288 3594 anni
1324 3525 1405 3594 120³
1434 3533 1557 3594 melonis

436 3621 586 3686 ecclesiae
609 3620 819 3699 vicedecanus,
842 3637 919 3683 anno
945 3614 1027 3683 1205
1048 3615 1181 3680 decenus
1205 3624 1259 3680 est.

439 3735 575 3820 Sigillum
600 3733 752 3816 quondam
771 3737 951 3818 impressum
971 3733 1069 3814 periit
