3774 4728
589 471 808 571 episcopatus
832 462 1127 565 wirtiburgensis.
1476 462 1550 543 255

385 675 451 749 est3
470 667 589 736 rodduu
610 677 681 736 suut
703 667 736 750 I)
756 669 915 738 llermouni
937 673 1080 755 episcopi,
1103 666 1138 748 2)
1160 665 1278 733 Oitenir
1300 664 1385 731 ducis
1399 665 1551 733 lieraniro

385 769 542 840 equesne,
572 757 651 824 buno
672 757 880 824 demonstraus
902 762 1082 840 equitantem
1110 759 1257 822 sinisiram
1284 773 1409 832 versus;
1441 759 1471 820 tn
1499 759 1552 819 in-

385 847 546 926 scriptione
575 843 701 931 legitur:
732 841 758 908 0
782 895 789 910 .
813 893 821 910 .
844 894 853 910 .
880 843 921 912 DI
944 841 1022 910 Gita
1043 840 1123 915 DVII
1142 839 1312 907 IIEIIANIE
1335 847 1365 906 ui
1386 837 1554 906 tinniit

370 927 611 1010 'BVRGVNDIE,
633 927 668 1008 3)
690 929 839 1014 bopponis
861 935 975 996 comitis
999 929 1037 994 de
1058 927 1271 1012 Heoncnborg,
1292 926 1553 1012 insigntahcmae

382 1013 1068 1170 ggffigppgofflrfflgpffisspuom:
1108 1021 1150 1098 „†
1186 1011 1362 1080 SlGiLLlllll
1397 1011 1552 1080 COIII'IIS

767 1521 965 1602 noxium.

633 1725 722 1794 anno
746 1719 850 1810 man,
878 1720 930 1792 ro.
952 1721 1095 1792 renuam

180 1907 395 1989 Burmannus
418 1907 670 2010 herbipolensis
696 1915 879 2012 episcopus
916 1911 1064 1988 cilicium
1091 1909 1227 1987 sculteti
1252 1911 1287 1984 in
1311 1905 1554 1994 blaeiliricbstot

181 2033 255 2090 oum
281 2015 374 2090 omui
398 2015 472 2088 inre
497 2011 612 2087 Ottoni
637 2011 681 2087 de
704 2012 870 2110 Rurgciin
897 2014 1032 2089 confort
1057 2010 1101 2090 ud
1125 2011 1267 2087 duorum
1292 2033 1457 2088 annorum
1476 2021 1553 2086 ter·

663 2116 788 2187 minum
815 2113 1080 2212 gubernandum.

276 2285 319 2362 tt.
361 2284 416 2360 dci
452 2289 562 2382 gratia
596 2250 848 2383 berbipolousia
879 2289 1073 2384 opiscopus.
1125 2281 1332 2360 Conlitemur
1368 2293 1403 2359 et
1434 2293 1552 2362 uotum

178 2385 321 2462 lauimus
346 2388 534 2479 universis,
559 2385 649 2482 quod
672 2407 739 2461 nos
764 2409 834 2460 una
867 2409 943 2460 cunr
969 2386 1008 2460 0.
1034 2387 1235 2483 pronosim,
1270 2385 1316 2458 A.
1351 2383 1482 2460 decano
1519 2394 1554 2460 et

180 2487 327 2586 capitulo
352 2486 503 2563 ecclesie
527 2497 660 2578 nostre,
685 2489 720 2560 in
746 2509 890 2583 quorum
916 2484 1069 2561 manibus
1094 2486 1282 2560 lucauimus
1319 2483 1410 2559 bono
1434 2494 1554 2560 nostru

181 2599 259 2686 aput
282 2585 614 2664 ticitirtcisrat
638 2585 681 2660 ad
706 2587 920 2662 solucionem
944 2591 1126 2685 pignorum
1160 2585 1312 2659 ecclesio
1345 2593 1464 2660 nostro
1490 2605 1552 2682 pro

180 2687 279 2762 uobis
306 2688 554 2784 obligaturum,
594 2686 740 2761 officium
776 2688 913 2764 sculteti
936 2691 1047 2762 nostri
1084 2685 1208 2760 ibidem
1241 2707 1317 2759 oum
1354 2689 1445 2764 omni
1479 2687 1554 2759 inre

182 2786 338 2863 iltioni
363 2789 406 2862 da
431 2786 650 2884 Burgelin
666 2789 881 2881 contulimus,
907 2809 1030 2862 cnunc
1054 2791 1192 2862 instanti
1207 2788 1298 2863 losio
1310 2785 1553 2884 purificationis

179 2885 280 2963 beate
304 2889 455 2985 Virginis
481 2889 524 2964 ad
548 2887 690 2962 drumm
716 2911 881 2963 annorum
905 2892 1084 2963 terminum
1111 2885 1375 2984 gubernandum.
1409 2885 1465 2962 Ad
1490 2886 1555 2960 hoc

17 3035 18 3062 n
133 3047 136 3056 .
181 2990 383 3064 contulimus
409 2987 521 3064 eidam
546 3011 672 3065 census
696 3001 837 3066 nostros
863 2989 1002 3082 ibidem,
1026 2989 1222 3063 theloneum
1248 2999 1283 3062 et
1308 2988 1462 3062 ducatum
1479 3009 1554 3060 cum

17 3117 19 3184 ᾗ
88 3143 91 3148 ,
181 3090 400 3186 prodentibus
425 3090 641 3179 eorumdem
667 3095 902 3166 concessimus
928 3094 1030 3164 etiam
1055 3089 1166 3164 eidam
1190 3092 1380 3188 precariam
1401 3099 1555 3163 nostrum

180 3190 315 3284 ibidem,
340 3213 406 3290 gne
430 3215 493 3290 per
517 3193 673 3266 nuncium
697 3192 904 3266 coniretrum
936 3201 1133 3266 nostrornm
1167 3199 1290 3266 statuta
1326 3187 1555 3286 assignabitur

183 3291 266 3385 eibi,
292 3303 328 3365 et
352 3295 384 3368 si
408 3292 487 3388 quid
510 3295 546 3366 in
570 3294 819 3366 constitucione
858 3313 961 3389 super
998 3313 1161 3367 summum
1194 3293 1318 3385 viginti
1349 3291 1555 3363 talentorum

183 3395 390 3484 exercuerit,
414 3392 449 3466 id
472 3391 590 3468 usibus
616 3395 744 3468 nostris
759 3393 870 3487 cadet,
895 3390 1122 3482 oidelerius,
1149 3395 1180 3466 si
1205 3390 1271 3464 XX
1285 3389 1412 3463 telonia
1437 3388 1555 3461 haberi

182 3513 250 3567 nun
274 3503 445 3590 potarunt,
470 3491 571 3567 nobie
596 3493 852 3590 computabitur.
902 3493 956 3566 De
974 3492 1039 3568 hiis
1055 3491 1209 3567 omnibus
1225 3493 1403 3588 premissis
1420 3499 1554 3561 centum

184 3603 218 3666 et
239 3595 364 3688 viginti
386 3591 448 3668 IIII
472 3594 599 3668 talentu
634 3593 677 3665 ad
712 3593 926 3668 solucionem
962 3596 1166 3691 pignorum,
1203 3597 1291 3667 siout
1325 3592 1554 3688 premisimus,

185 3695 329 3790 singulis
353 3697 449 3768 unuie
476 3693 567 3767 dubit
589 3694 798 3790 temporibus
815 3693 995 3790 deputatis,
1017 3693 1180 3768 videlicet
1193 3694 1227 3766 in
1242 3692 1332 3766 lesio
1353 3689 1553 3787 Wulpurgis

184 3791 297 3868 XXXI
320 3794 466 3887 talenta,
500 3797 535 3867 in
565 3797 739 3867 natiuitato
775 3793 875 3868 beate
899 3793 1053 3888 Virginis
1080 3790 1193 3866 XXXI
1217 3793 1367 3881 talentu,
1404 3793 1438 3862 in
1462 3790 1553 3863 lesio

184 3891 317 3967 llnrtini
340 3892 453 3970 XXXI
478 3894 624 3984 talentu,
657 3905 693 3968 et
723 3897 758 3967 in
790 3895 881 3970 lesio
905 3893 1093 3990 Epiphanio
1117 3896 1254 3967 Domini
1276 3889 1390 3967 XXXI
1414 3889 1554 3979 talento,

186 3991 227 4068 da
252 3993 372 4092 quibus
398 3995 546 4068 denariis
570 3994 669 4070 XXX
693 3993 820 4070 talenta
845 4004 944 4070 erunt
969 3991 1072 4071 datiui
1097 4002 1236 4068 monete
1259 4002 1399 4082 nostre,
1424 3987 1554 4064 residui

188 4105 284 4170 eruunt
308 4095 409 4190 talea,
434 4099 492 4192 qui
516 4093 636 4172 duntur
660 4093 793 4172 ibidem.
844 4097 980 4172 Dictum
1004 4105 1060 4172 cst
1085 4098 1185 4170 otiam
1220 4097 1256 4168 in
1288 4093 1355 4167 hoc
1380 4099 1555 4166 contractu
