3776 4730
597 492 815 591 episcopatus
833 509 836 518 ·
851 491 1143 590 wirciburgensis.
1500 493 1567 572 tot

186 689 285 764 diciis
312 701 366 764 est
392 701 603 790 conpertum.
654 692 728 766 Nos
754 713 841 766 vero
869 717 914 766 ex
941 698 1054 770 causis
1081 698 1262 793 premissis
1293 707 1328 771 et
1354 699 1468 773 multis
1494 701 1570 775 aliis

186 790 250 864 hiis
278 791 459 884 similibus,
484 815 551 890 qua
576 793 780 890 perlongum
808 796 1142 890 esseutenamanda,
1168 799 1250 870 moti
1268 799 1429 872 etcordis
1449 800 1572 874 dolore

186 895 375 985 conterriti,
401 893 575 990 predictos
603 904 674 966 tres
700 897 795 967 uiros
819 895 1085 988 nefandissimos
1112 921 1132 969 a
1159 901 1296 971 ciuitate
1322 909 1440 972 nostra
1457 903 1571 973 eieci-
1643 913 1647 924 '

185 1013 259 1064 mus
288 995 362 1065 sine
389 1017 451 1092 spe
467 997 694 1085 reuersionis,
720 1003 901 1091 etpostea,
928 1000 1086 1070 conmuni
1100 998 1247 1072 consilio
1266 1007 1300 1071 et
1316 998 1571 1074 deliberacione

184 1090 373 1189 prehabito,
398 1095 560 1168 volentes
586 1093 791 1185 homicidia,
827 1095 1048 1186 sediciones,
1085 1098 1293 1173 tradiciones
1320 1109 1355 1171 et
1388 1099 1455 1172 alia
1481 1102 1571 1174 mala

184 1195 314 1266 maiora
353 1217 563 1292 precaucre,
601 1217 666 1291 quc
705 1215 767 1292 per
806 1195 979 1291 predictos
1018 1208 1090 1272 tres
1132 1199 1325 1272 sceleratos
1363 1202 1460 1274 uiros
1487 1205 1570 1274 oriri

183 1303 347 1388 possent,
374 1305 409 1368 et
433 1317 477 1368 ue
503 1298 739 1368 inconstancie
765 1305 800 1367 ct
824 1295 974 1371 leuitatis
1007 1319 1090 1371 casu
1117 1297 1160 1372 dc
1185 1301 1340 1396 ipsorum
1368 1299 1478 1375 reditu
1503 1324 1570 1376 nos

184 1402 219 1464 et
243 1397 354 1467 nostri
381 1417 608 1468 successores
635 1395 839 1490 aliquatinus
867 1400 999 1470 moueri
1016 1421 1215 1496 possemus,
1241 1401 1273 1474 iu
1287 1399 1421 1496 palacio
1440 1402 1568 1497 singuli

185 1499 219 1564 ct
244 1497 397 1570 uniuersi
425 1498 668 1586 conuenimus,
694 1495 839 1569 dominis
867 1499 1006 1571 maioris
1033 1499 1186 1574 ecclesie
1224 1510 1259 1571 et
1284 1497 1455 1575 nobilibus
1481 1525 1569 1600 pre-

185 1591 283 1668 dictis
331 1595 570 1694 presentibus,
608 1599 827 1693 promisimus
867 1607 903 1668 et
943 1603 1151 1696 promissum
1187 1603 1383 1694 iuramento
1420 1603 1568 1675 manuali

183 1698 327 1792 prestito
354 1699 557 1794 interposito
584 1697 802 1789 uallauimus,
829 1697 920 1792 quod
945 1698 1087 1796 predicti
1103 1703 1268 1792 tresviri,
1295 1699 1354 1774 filii
1370 1705 1575 1800 iniquitatis,

183 1817 227 1867 ne
254 1818 391 1870 veneno
419 1795 559 1896 perfidie
585 1808 619 1870 et
640 1797 850 1892 tradicionis,
876 1821 943 1894 quo
970 1799 1086 1873 iniecti
1113 1812 1203 1891 sunt,
1229 1803 1449 1896 maculemur,
1475 1827 1569 1877 nun-

183 1919 282 1992 quam
307 1900 520 1972 mansionem
547 1906 604 1970 aut
616 1897 842 1972 resideuciam
858 1897 984 1974 iaciant
1008 1904 1042 1973 in
1054 1903 1190 1976 ciuitate
1216 1912 1335 1976 nostra
1351 1915 1386 1976 et
1411 1915 1569 2000 quantum

183 2000 278 2072 uires
306 2007 498 2096 suppetunt,
525 2019 601 2070 cum
626 2001 792 2071 instancia
817 1997 1026 2093 laboremus,
1052 2011 1088 2074 ut
1112 2005 1147 2075 in
1173 2003 1371 2102 episcopatu
1398 2015 1433 2076 et
1446 2005 1569 2078 ducatu

182 2095 437 2196 herbipolensis
463 2099 616 2172 ecclesie
643 2121 683 2172 se
716 2103 977 2196 conrecipient
1004 2123 1070 2174 nec
1096 2099 1222 2176 iaciant
1249 2107 1475 2198 mansionem,
1500 2103 1568 2178 ad-

181 2199 341 2290 icientes,
367 2197 469 2296 quod,
495 2201 685 2295 quicunque
711 2199 771 2271 vel
798 2199 1063 2296 qualescunquc,
1090 2203 1149 2274 alti
1171 2203 1229 2276 vel
1245 2201 1405 2296 humiles,
1430 2203 1567 2282 nobiles

182 2309 239 2370 aut
263 2299 459 2394 ignobiles,
485 2301 519 2372 in
546 2300 745 2396 episcopatu
771 2301 867 2396 ipsos
894 2303 1079 2396 recipiant,
1106 2313 1359 2396 manuteneant,
1386 2304 1573 2398 consilum,

183 2399 345 2472 auxilium
372 2409 407 2472 et
430 2397 584 2472 fauorem
618 2397 820 2495 impendant,
854 2401 1010 2472 inimicos
1044 2411 1242 2498 reputemus
1281 2405 1482 2479 manifestos
1521 2415 1570 2497 ot,

182 2509 341 2594 quantum
366 2521 428 2597 pro
457 2498 585 2572 uiribus
610 2500 740 2571 nostris
766 2521 963 2594 possumus,
988 2501 1159 2573 hostiliter
1185 2525 1441 2598 persequamur.
1488 2503 1567 2577 Vo-

181 2599 292 2671 lumus
320 2610 430 2672 autem
459 2610 493 2672 et
519 2601 715 2687 statuimus,
742 2609 778 2670 ut
803 2597 868 2672 hec
894 2622 913 2671 a
938 2599 1038 2672 nobis
1073 2611 1109 2674 et
1132 2606 1263 2676 nostris
1289 2603 1567 2695 successorihus,

182 2701 329 2794 singulis
356 2711 390 2772 ct
425 2702 614 2788 uniuersis,
647 2708 813 2796 perpetuo
846 2699 1089 2772 inuiolabiliter
1126 2700 1364 2774 obseruantur.
1418 2703 1456 2778 Si
1490 2709 1566 2800 quis

181 2821 269 2872 vero
296 2800 339 2872 de
364 2802 492 2873 nostris
520 2797 717 2872 conoiuibus
744 2801 818 2870 siue
845 2799 1106 2872 successoribus
1128 2811 1247 2874 contra
1265 2801 1416 2898 predicta
1430 2807 1567 2877 venerit

182 2904 296 2972 autin
325 2902 531 2972 contrarium
557 2909 757 2994 attemptare
782 2903 1040 2996 presumpserit,
1066 2923 1155 2998 pene
1173 2903 1274 2974 simili
1289 2915 1454 3001 perpetue
1474 2903 1563 2978 sub-

181 3002 293 3072 iaceat
318 3002 510 3074 electionis.
561 2999 599 3072 lu
624 3003 720 3071 euius
747 3003 798 3071 rei
824 3004 1055 3074 testimouium
1088 3013 1271 3098 presentes
1298 3003 1430 3078 litteras
1458 3005 1566 3100 sigilli

181 3104 292 3174 nostri
324 3101 507 3173 munimine
549 3097 764 3172 roboramus.
829 3101 949 3173 Datum
996 3124 1085 3174 anno
1123 3101 1250 3176 domini
1293 3103 1566 3199 hlGCLXXllll,

183 3199 351 3276 dominica
376 3210 455 3273 ante
481 3198 661 3272 aduentum
686 3199 824 3274 domini.

393 3398 529 3485 Sigillum
553 3403 650 3482 perlit.

337 3547 341 3562 ·
392 3520 591 3693 ppasspfflpe
628 3526 777 3603 superiori
815 3523 954 3608 leguntur
989 3525 1092 3603 apicas
1129 3523 1292 3588 litterarum
1330 3521 1414 3588 uerbi
1449 3523 1562 3604 „Ciro-
