3794 4722
617 441 834 534 episcopatus
862 433 1153 532 numburgensis.

825 733 935 808 GLVl.

779 878 871 944 Anno
895 875 986 944 1197.
1009 871 1011 874 ’

187 1031 383 1127 Collegium
410 1037 518 1106 sancti
531 1035 656 1111 lliliani
680 1046 835 1124 testatur,
861 1035 952 1131 quod
976 1033 1105 1108 iudaea
1120 1033 1328 1106 Belechinda
1354 1057 1471 1108 aream
1491 1057 1567 1108 cum

188 1131 352 1206 aedificiis
377 1137 411 1206 in
436 1138 517 1207 vico
543 1135 749 1209 ludaeorum
776 1140 894 1224 sitam,
931 1133 993 1209 sub
1029 1156 1162 1208 canone
1195 1134 1338 1207 duorum
1364 1135 1570 1208 talentorum

188 1239 485 1308 ceraeananatim
512 1235 645 1310 custodi
670 1239 810 1310 maioris
838 1233 1010 1322 ecclesiae
1038 1233 1284 1312 solvendorum
1312 1233 1412 1308 altori
1437 1234 1568 1308 Judaeo

704 1333 876 1408 Abraham
903 1335 1065 1408 vendidit.
1394 1351 1398 1363 ’

292 1476 330 1549 G.
382 1477 419 1548 ln
445 1481 583 1550 nomine
610 1489 728 1550 sancte
755 1489 789 1551 et
815 1479 985 1552 indiuiduo
1011 1482 1179 1552 trinitatis.
1233 1477 1428 1574 Collegium
1463 1481 1571 1550 sancti

189 1575 324 1648 ffiliani.
375 1575 499 1650 Notum
527 1583 570 1670 sit
597 1574 751 1652 omnious
778 1589 846 1650 tam
872 1583 1042 1674 presentis
1070 1601 1167 1674 quam
1187 1589 1266 1674 post
1285 1578 1387 1649 futuri
1405 1581 1569 1673 temporis

190 1673 394 1768 hominihus,
421 1677 511 1772 quod
537 1677 678 1774 quedam
703 1677 823 1768 iudea
848 1677 1123 1750 Belechinda
1149 1682 1305 1768 nomincJ
1326 1699 1440 1750 aream
1457 1701 1570 1772 quan-

190 1775 263 1847 dam
291 1799 367 1847 cum
393 1777 533 1850 edificiis
561 1782 594 1849 in
620 1783 699 1851 vico
713 1779 896 1850 iudeorum
913 1783 989 1868 sita,
1016 1779 1058 1849 de
1084 1801 1148 1874 qna
1173 1789 1271 1874 pater
1292 1800 1372 1850 suus
1391 1777 1570 1850 Samuel

188 1873 330 1948 Albus
357 1877 490 1950 custodi
515 1881 654 1950 maioris
682 1877 832 1951 ecclesie
859 1877 924 1950 duo
953 1879 1078 1950 talenta
1105 1901 1186 1950 cere
1207 1881 1374 1950 annuatim
1391 1877 1570 1974 persoluit,

191 1973 323 2047 cuidam
350 1975 449 2049 alteri
475 1977 852 2070 Jvdeo‚'Abraham
878 1983 1037 2067 110111111οἢ
1071 1977 1223 2049 vendidit
1257 2001 1332 2048 curn
1367 1981 1457 2049 omni
1483 1977 1569 2072 iure,

189 2097 254 2170 quo
291 2087 389 2171 pater
416 2101 510 2166 suus,
537 2078 749 2176 supradictus
776 2077 974 2166 Samuel,
1002 2089 1036 2148 et
1068 2081 1141 2172 ipsa
1169 2077 1310 2149 eandem
1344 2101 1457 2148 arcam
1492 2087 1570 2150 ante

189 2175 420 2270 possederant
459 2187 493 2248 et
528 2181 782 2274 prenominatus
816 2177 1033 2249 Abraham
1072 2177 1214 2250 eandem
1247 2199 1361 2248 arcam
1395 2177 1436 2248 do
1469 2201 1569 2248 manu

188 2273 356 2347 Gotlrei
361 2277 451 2347 ridi
478 2277 597 2349 decani
623 2281 763 2348 maioris
791 2277 941 2349 ecclesie
969 2281 1120 2372 suscepit
1147 2275 1210 2348 sihi
1238 2288 1272 2348 et
1296 2276 1479 2349 heredibus
1496 2281 1570 2350 svis

188 2373 250 2446 sub
286 2373 409 2447 eodem
442 2399 573 2449 canone
608 2389 642 2448 et
678 2377 740 2449 sub
775 2376 897 2449 eodem
931 2380 1004 2448 iure
1037 2377 1281 2474 perpetualiter
1317 2375 1567 2470 possidendam.

185 2473 369 2548 Adiectum
395 2479 497 2548 etium
522 2477 584 2548 tuit
609 2481 643 2548 in
677 2487 797 2572 pacto,
835 2486 871 2547 nt
907 2479 937 2548 si
969 2475 1156 2572 predictum
1182 2473 1398 2547 Abraham
1424 2475 1567 2546 Judeum

186 2574 244 2646 vel
272 2573 418 2648 heredes
446 2597 528 2650 suos
556 2581 772 2670 contingeret
798 2575 839 2646 ad
866 2579 1013 2671 inopiam
1038 2598 1212 2670 vergere‚
1244 2573 1384 2646 liberam
1422 2573 1569 2646 habeant

185 2685 393 2770 potestatem
428 2676 570 2750 eandem
607 2695 722 2748 aream
757 2699 833 2748 oum
860 2675 1000 2748 edificiis
1028 2679 1081 2748 cui
1107 2675 1279 2747 voluerint
1304 2673 1480 2765 vendere,
1521 2677 1566 2746 ita

185 2783 322 2864 umen,
360 2785 398 2846 vt
424 2779 543 2848 maiori
569 2775 721 2848 ecclesie
747 2799 857 2847 canon
884 2799 965 2848 suus
993 2775 1109 2848 saluus
1136 2786 1320 2846 remaneat.
1372 2773 1422 2846 Nc
1455 2785 1567 2846 autem

186 2881 253 2944 tarn
281 2876 370 2946 iuste
397 2879 577 2970 emptionis
605 2887 799 2958 contractus
825 2899 845 2946 a
872 2879 1036 2947 memoria
1062 2875 1231 2968 hominum
1264 2875 1367 2946 facile
1402 2871 1566 2966 elabatur,

184 2983 382 3068 presentem
408 2981 564 3070 paginam
593 2974 763 3048 conscribi
790 2975 956 3062 lecimuS„
997 2986 1030 3046 ct
1065 2976 1170 3069 sigilli
1205 2979 1313 3046 nostri
1349 2975 1565 3069 inpressione

188 3076 469 3146 communiuimus.
520 3075 628 3149 Huius
663 3079 715 3147 rei
753 3085 861 3146 testes
900 3085 993 3148 sunt:
1033 3075 1204 3148 Heroldus
1238 3074 1326 3146 lilius
1353 3075 1566 3168 [ingelberti
1617 3086 1620 3101 '

185 3171 388 3244 Adelhunus
412 3179 586 3270 pincerna,
613 3176 812 3248 Helewicus
828 3173 936 3247 Albus
964 3185 998 3246 et
1012 3173 1100 3246 filius
1115 3175 1309 3263 Heinricus‚
1336 3170 1432 3245 Cimo
1450 3173 1564 3245 Uuol-

184 3273 271 3360 volt,
299 3271 480 3368 Gerungus
507 3275 613 3346 Diues
640 3287 676 3346 et
700 3275 807 3347 irater
833 3284 914 3348 suns
940 3275 1144 3362 HelmricuS,
1171 3273 1358 3360 lohannes,
1386 3273 1564 3370 llichollus

183 3371 358 3446 Boccholi
380 3385 415 3444 et
440 3373 498 3444 alii
513 3373 592 3446 laioi
607 3397 705 3470 qnam
724 3376 852 3471 plures.
880 3375 968 3448 Acta
995 3373 1428 3445 sunthecannodominice
1444 3373 1564 3442 incar-

184 3475 331 3545 nationis
341 3474 523 3546 millesimo
539 3477 726 3547 centesimo
740 3477 964 3568 nonagesimo
979 3473 1084 3564 Vll⁰·‚
1106 3473 1290 3545 indictione
1299 3475 1412 3567 quinta
1421 3471 1564 3564 decima,

186 3584 353 3668 regnante
367 3573 529 3645 Heinrico
555 3578 763 3672 imperatore
788 3575 1043 3669 gloriosissimo
1070 3583 1104 3646 et
1130 3595 1266 3667 semper
1293 3583 1451 3665 augusto,
1476 3592 1562 3665 pre-

186 3673 318 3746 sidente
345 3671 481 3747 domino
497 3673 696 3748 Gothelritlo
723 3673 912 3746 venerabili
941 3671 1231 3766 wirzeburgensis
1259 3671 1410 3744 ecclesie
1436 3671 1563 3760 electo,

184 3768 347 3844 Bertoldo
375 3773 417 3845 de
442 3775 670 3850 Hennenherc
695 3773 878 3868 burgrauio
906 3777 1088 3880 existente.

396 3943 536 4028 Sigillum
553 3947 650 4026 perlit.

211 4171 260 4208 lon.
277 4171 329 4209 iola.
347 4171 389 4210 tol.
403 4169 489 4210 mvn.
503 4179 548 4210 m.
563 4171 609 4209 eall.
625 4169 648 4208 t.
