3774 4728
593 503 811 594 episcopatus
836 499 1130 594 wirsiburgensis.

777 927 955 1006 ecxmv.
1054 892 1055 896 ‘

535 1129 622 1190 Anno
648 1125 750 1208 tata,
774 1100 879 1191 mense
902 1129 979 1194 itiaio
1002 1137 1052 1192 ant
1072 1127 1169 1192 iunio.

270 1311 451 1384 Heinrions
478 1311 539 1385 Vll
565 1335 630 1384 rex
656 1314 831 1408 indulget,
864 1326 900 1386 nt
928 1337 989 1410 pro
1018 1311 1215 1409 quibusdam
1241 1315 1351 1389 iendis
1380 1317 1552 1390 ecelesiae

172 1411 436 1508 herbipolensis,
464 1435 550 1507 quae
578 1413 620 1484 ab
648 1415 755 1486 eali.
784 1415 826 1486 de
851 1414 1055 1510 Bokespere
1082 1423 1116 1486 et
1142 1415 1185 1486 ab
1211 1415 1279 1487 hoe
1304 1413 1480 1492 Conradns
1508 1415 1551 1488 de

170 1513 356 1608 Winspere
382 1521 538 1608 tanquam
566 1512 783 1586 subvesailns
810 1521 1003 1604 tennerunt,
1030 1522 1167 1610 etpost
1194 1519 1485 1610 resignationem,
1511 1515 1553 1588 ab

170 1623 314 1706 atroque
356 1613 528 1684 ecelesiae
579 1613 775 1708 praedictae
819 1615 966 1704 iactam,
1017 1615 1058 1685 ad
1095 1619 1287 1688 instantiam
1324 1616 1471 1689 Conradi
1508 1616 1552 1688 de

169 1712 356 1808 Winspere
380 1735 443 1808 per
469 1717 666 1809 episcopum
692 1713 880 1787 marchioni
906 1713 948 1786 de
973 1711 1090 1786 Baden
1116 1715 1252 1800 inerunt
1287 1715 1437 1806 coliata,
1462 1715 1553 1788 idem

171 1811 361 1901 conradus,
385 1817 480 1907 regis
508 1811 660 1885 Heinriei
686 1815 939 1903 ministerialis,
977 1817 1011 1886 in
1038 1819 1352 1911 compensationem
1379 1817 1552 1890 ecelesiae

171 1923 301 2007 septem
327 1912 430 1986 villas
458 1937 503 1984 ex
530 1935 593 1985 sno
620 1917 823 2008 patrimonio
851 1914 1017 1987 conferet.

382 2111 498 2176 Edttnm
522 2117 551 2174 in
574 2113 651 2175 dien.
677 2113 756 2174 Boio.
804 2111 866 2176 Vei.
891 2113 982 2175 XXX.
1005 2113 1082 2176 Part.
1106 2113 1126 2176 i.
1151 2129 1219 2196 pag.
1247 2108 1314 2176 176.
1337 2111 1386 2175 Nr.
1411 2113 1495 2176 DGG.
1624 2063 1634 2080 υ

780 2526 959 2648 CCXXV⁸¹

548 2730 637 2791 Anne
663 2725 765 2806 12³1„
793 2725 838 2792 10.
864 2725 1059 2812 Junii,'apnd
1082 2729 1192 2792 Ebern.

169 2914 383 2986 Hermannns
410 2912 663 3010 herbipolensis
691 2917 874 3010 episeopus
890 2913 991 3005 bona,
1019 2937 1105 3009 quae
1120 2915 1247 2988 nobilis
1274 2918 1329 2986 vir
1345 2915 1549 2989 Lndewieus

171 3013 211 3086 de
236 3011 448 3086 Ruheneoke
475 3016 625 3108 acceptis
653 3018 833 3108 sexaginta
860 3017 1005 3110 quinque
1046 3017 1171 3088 mareis
1207 3019 1341 3110 argenti
1379 3016 1551 3090 ecelesiae

170 3113 402 3212 herbipolensi
428 3115 463 3184 in
490 3116 732 3209 proprietatem
767 3114 972 3204 tradideret,
1013 3115 1123 3188 eidem
1161 3115 1357 3190 infandum
1383 3117 1551 3189 coneedit.

269 3284 295 3354 i.
322 3305 355 3355 n.
382 3283 413 3354 d.
441 3307 472 3356 a.
523 3285 800 3356 Hermannns
827 3285 881 3358 dei
895 3289 1014 3379 gracia
1028 3285 1279 3382 herbipolensis
1296 3290 1500 3383 episeopus.
1517 3338 1549 3356 ..

170 3373 412 3456 insinvaeione
438 3386 656 3478 presencium
679 3395 795 3458 netum
823 3386 964 3458 iacimus
990 3389 1166 3460 vninersis
1203 3397 1271 3456 tam
1305 3385 1426 3460 iutnris
1453 3405 1551 3480 qnam

171 3483 407 3578 presentibus,
444 3483 534 3577 qnod
559 3482 684 3556 nobilis
711 3489 766 3557 vir
790 3485 1058 3558 Ludewious
1084 3485 1127 3558 de
1153 3485 1446 3576 annaneane,
1483 3509 1551 3558 ae*

172 3587 279 3678 eaptis
306 3582 451 3657 anobis
478 3583 540 3656 LX
562 3585 709 3678 wspuinqne
734 3589 860 3659 mareis
885 3589 1031 3679 argenti,
1058 3585 1148 3658 bona
1176 3609 1236 3657 sua
1252 3589 1390 3681 propria
1407 3585 1550 3660 inferius

172 3705 352 3778 expressa,
377 3682 486 3755 libera
511 3694 547 3755 et
571 3682 747 3776 absolun,
775 3707 849 3758 enm
876 3684 1067 3760 hominihus
1108 3689 1180 3760 sais
1213 3690 1361 3782 propriis
1396 3686 1550 3762 militaris

174 3783 396 3876 eondieienis,
423 3803 565 3878 qnorum
591 3787 736 3856 nomina.
755 3789 855 3858 etiam
884 3785 1158 3876 subscribuntur,
1198 3785 1298 3862 nobis
1339 3797 1374 3857 et
1398 3786 1550 3860 ecelesia

172 3895 289 3958 nostre
316 3889 351 3956 in
376 3887 623 3980 proprietatem
646 3884 780 3957 tradidit
805 3897 841 3958 at
867 3886 1028 3975 donauit,
1063 3896 1109 3958 at·
1131 3907 1173 3958 aa
1199 3907 1273 3958 oum
1299 3885 1489 3959 hominibus
1516 3891 1552 3959 in

173 4005 290 4057 manns
315 3995 466 4060 nostras·
494 3993 528 4056 et
555 3983 813 4060 Thiemonis
833 3986 890 4058 ¹de
917 3986 1097 4063 Vrheim
1133 4007 1251 4058 eoram
1281 3984 1430 4059 testibus
1463 3985 1551 4060 inira

174 4087 307 4180 seriptis
334 4087 535 4178 assignarit,
561 4095 680 4158 saneto
705 4085 840 4161 iiiiiano
867 4098 904 4157 et
926 4089 1032 4160 soniis
1054 4090 1129 4160 stris
1156 4089 1189 4157 in
1215 4089 1457 4183 proprietatem
1482 4086 1552 4161 de·
