3794 4722
933 441 1149 517 Monanmnta
1274 468 1278 480 ·

943 773 1107 852 exmu-

908 975 997 1040 Anuc
1025 971 1116 1040 1179.

331 1162 523 1258 Collegium
551 1165 660 1236 sancti
683 1161 808 1234 Kdiani
831 1173 949 1236 notum
975 1160 1076 1252 iacit,
1113 1128 1216 1257 quot*
1235 1158 1400 1236 sacerdos
1424 1156 1555 1253 quidam
1583 1154 1705 1230 Goon-

330 1263 432 1339 radus
460 1285 574 1334 aream
602 1259 765 1356 quandam
792 1271 827 1332 et
850 1266 986 1339 vineam
1012 1265 1046 1334 in
1072 1261 1160 1336 Gran
1221 1283 1260 1332 rc
1286 1260 1521 1332 anniversario
1548 1279 1611 1334 suo
1638 1279 1706 1330 ce-

593 1359 757 1434 lebrando
786 1383 888 1458 super
913 1362 1075 1458 reliquias
1100 1362 1133 1434 b.
1161 1285 1284 1433 bibiani
1310 1357 1453 1430 tradidit.

430 1523 533 1598 G.'1n
558 1526 696 1596 nomine
723 1535 837 1614 sancto
865 1535 900 1596 et
919 1523 1087 1615 indiuidua
1104 1527 1272 1596 trinitatis.
1302 1521 1493 1616 Collegium
1506 1521 1615 1594 saneti
1625 1518 1707 1616 Ky-

334 1627 416 1700 liani
442 1624 485 1695 de
511 1623 623 1695 domo.
675 1622 842 1697 Nouerint
867 1647 987 1698 omnes
1014 1623 1139 1696 Christi
1163 1623 1283 1696 fideles
1309 1633 1375 1694 tam
1400 1631 1582 1718 presentes
1609 1643 1709 1715 pam

334 1735 413 1823 past
438 1723 538 1795 futuri
562 1723 650 1818 quod
666 1724 830 1815 sacerdos
847 1725 978 1820 quidam
996 1723 1220 1797 Odnradus
1245 1727 1395 1815 nomino,
1419 1725 1558 1796 natione
1570 1719 1707 1794 Saeuus

336 1836 371 1896 ct
405 1823 529 1894 domini
555 1823 802 1896 Eberbardi
838 1825 887 1896 de
913 1825 1129 1897 Marmore
1156 1828 1189 1896 in
1216 1824 1364 1908 ecciesia
1390 1824 1499 1895 saneti
1524 1823 1637 1912 Petri,
1670 1824 1707 1894 in

333 1922 494 1998 suburbio
511 1922 671 1997 sardensi
698 1927 773 2012 sita,
800 1927 948 1996 uicarius
974 1945 1086 1996 aream
1113 1924 1277 2019 quandam
1302 1921 1451 2019 predicte
1471 1921 1620 2014 ecclesie
1637 1919 1708 2019 ad7

329 2027 498 2096 iacentem
524 2033 668 2118 argento
691 2045 758 2096 suo
784 2025 871 2119 apud
894 2023 1199 2096 Volcnandum
1233 2023 1403 2096 corticem
1437 2025 1647 2118 comparauit
1672 2029 1709 2094 et

329 2125 462 2217 magnis
490 2125 562 2196 suis
588 2122 774 2220 sumptibus
801 2145 874 2195 eam
902 2123 1050 2195 edificari
1078 2124 1253 2219 disposuit.
1306 2125 1471 2196 Preteroa
1504 2126 1637 2194 cineam
1671 2125 1708 2194 in

331 2223 444 2296 Grau
471 2223 569 2294 sitam
595 2223 846 2296 aHeinrico
865 2221 1064 2298 Sinistra
1091 2227 1295 2319 conquisiuit
1314 2231 1549 2319 etutrarnquo,
1573 2226 1711 2295 uincam

329 2321 490 2394 uidelicet
517 2333 553 2394 et
578 2325 705 2396 curiam
730 2323 927 2420 predictam
955 2347 1058 2419 snper
1082 2324 1244 2419 reliquias
1270 2323 1360 2396 beati
1386 2324 1522 2419 iniani
1548 2325 1708 2420 martyris

332 2421 458 2500 Christi
483 2443 546 2518 pro
560 2423 714 2496 remedio
741 2427 848 2515 anime
877 2447 936 2516 sup
964 2435 999 2496 et
1023 2435 1198 2520 parentum
1225 2427 1431 2520 sutorumpia
1451 2426 1574 2494 mentis
1593 2423 1709 2496 deuo-

333 2523 427 2595 tione
455 2521 668 2615 contradidit,
694 2544 737 2596 eo
765 2524 899 2596 scilicet
923 2535 1023 2620 paeto
1049 2523 1138 2620 quod
1161 2527 1236 2621 ipse
1261 2523 1373 2620 quoad
1398 2527 1523 2594 arixerit
1555 2522 1597 2595 de
1622 2545 1709 2619 pre-

333 2623 507 2694 nominata
540 2625 632 2693 curia
677 2633 711 2694 at
740 2625 842 2694 uinea
877 2623 1043 2694 dimidiam
1078 2647 1157 2715 carp¹
1192 2623 1311 2695 libram
1345 2626 1512 2695 annuatim
1549 2627 1583 2701 in
1617 2623 1709 2696 festo

336 2724 445 2796 sancti
477 2720 614 2817 Kyliani
656 2723 843 2818 persoluat.
907 2724 992 2796 Post
1029 2722 1153 2795 obitum
1188 2747 1272 2796 uero
1306 2727 1412 2818 ipsius
1450 2727 1638 2818 quicumque
1674 2725 1710 2795 in

335 2843 437 2917 supra
464 2819 552 2892 dicta
578 2821 725 2913 ecclesia
753 2826 862 2894 uicem
889 2826 1038 2920 pastoris
1066 2833 1120 2896 est
1145 2835 1368 2918 accepturus,
1395 2827 1521 2894 curiam
1546 2823 1712 2918 prefatam

335 2917 530 2992 inhabitabit
556 2931 591 2992 et
616 2921 658 2992 ad
684 2921 922 2994 celebrandum
947 2919 1231 3020 prosatiGdnradi
1258 2926 1523 2994 anniuersarium
1549 2921 1710 2994 fratribus

335 3025 442 3092 sancti
467 3017 604 3116 Kpiiani
630 3021 673 3092 de
699 3020 799 3094 domo
828 3024 911 3095 ituros
939 3027 1039 3096 tritici
1066 3024 1199 3096 modies
1226 3033 1261 3094 et
1285 3045 1402 3096 urnam
1418 3016 1544 3094 uinide
1566 3024 1711 3094 curiaet

334 3123 436 3191 uinea
463 3121 606 3212 singulis
633 3126 729 3194 annis
751 3124 929 3218 persoluat
954 3123 989 3195 ct
1013 3127 1153 3220 insuper
1178 3123 1291 3194 lumen
1317 3123 1360 3194 do
1381 3142 1479 3217 sepm
1505 3122 1595 3219 quod
1620 3143 1710 3218 qua·

333 3219 417 3292 libet
440 3230 544 3292 nocta
569 3240 677 3316 usque
703 3221 744 3293 ad
763 3223 889 3294 clarum
912 3224 999 3296 diem
1019 3240 1134 3296 coram
1151 3223 1249 3294 attari
1269 3226 1376 3295 sancti
1398 3223 1490 3294 Petri
1514 3227 1548 3294 in
1565 3221 1711 3296 Sanda

334 3319 462 3397 ardeat
490 3318 624 3392 debebit
639 3323 852 3417 persoluere.
893 3324 937 3396 Ut
962 3325 1063 3417 igitur
1089 3327 1123 3395 in
1148 3333 1323 3419 posterum
1341 3321 1439 3395 buius
1459 3325 1711 3396 constitutionis

333 3415 426 3491 nulla
453 3417 525 3494 beri
552 3426 661 3514 possit
689 3419 815 3495 obliuio
842 3433 877 3495 et
900 3432 937 3494 ut
962 3443 1072 3494 canon
1099 3427 1300 3495 constitutus
1329 3426 1447 3519 ausgari
1474 3427 1548 3497 siue
1573 3422 1710 3494 diminui

333 3517 579 3612 nuntiabantur,
605 3520 667 3614 bec
692 3543 836 3618 presens
864 3521 992 3594 cartula
1017 3523 1124 3617 sigilii
1148 3526 1258 3596 nostri
1270 3523 1499 3618 impressione
1515 3533 1548 3594 ct
1567 3521 1710 3596 testibus

335 3619 534 3714 subscriptis
562 3631 616 3693 est
640 3621 847 3693 confirmata.
1516 3632 1520 3653 ²
1558 3627 1562 3637 '

433 3718 493 3794 isti
530 3731 606 3792 sunt
632 3731 759 3792 testes:
798 3723 946 3794 Perseus
974 3719 1145 3811 decanus„
1179 3719 1388 3810 Adelbertus
1416 3733 1546 3813 mistas,
1573 3721 1710 3794 Gotho-

334 3819 586 3911 fridestanum,
604 3819 804 3892 Heinsio-bus
820 3820 1027 3910 Uacbardus,
1052 3820 1269 3894 Eberhardus
1285 3820 1519 3910 deMnrmcra
1548 3823 1713 3914 magister

335 3919 487 4011 musas,
516 3919 693 3996 Cunradus
709 3922 920 3994 ctrtlerarius.
973 3921 1086 3994 boici:
1113 3921 1214 4010 suo,
1239 3919 1572 4012 fleturucusnbus,
1597 3924 1732 3994 Hein-¹

337 4024 428 4095 ricus
456 4020 621 4095 scultetus
657 4031 691 4092 et
717 4020 804 4094 fitius
833 4041 914 4094 suus
940 4021 1142 4110 Heinricus‚
1179 4023 1258 4094 Otto
1293 4033 1328 4093 et
1363 4022 1469 4095 irater
1495 4043 1576 4096 suus
1600 4021 1712 4114 Arno,
