3776 4730
911 440 1130 528 documenta

892 761 1164 838 COOLXXXIV.

682 962 769 1028 Anno
796 957 897 1044 1271„
921 961 971 1028 21.
993 961 1182 1045 Novembris,
1204 962 1368 1047 lierhlpolt.

322 1137 534 1224 'bertholdus
570 1148 824 1246 herbipolensis
863 1155 1045 1248 episcopus
1083 1151 1316 1225 venditionem
1354 1149 1523 1224 bonorum
1563 1155 1598 1226 in
1632 1153 1718 1226 villu

328 1248 542 1345 Iugelnheim
583 1249 740 1324 inferiori
777 1276 796 1324 a
837 1253 985 1349 capitulo
1024 1253 1198 1326 ecclesiae
1243 1275 1326 1326 suae
1365 1252 1549 1326 Walthero
1586 1253 1718 1327 decano

446 1351 619 1426 ecclesiae
647 1349 683 1422 S.
711 1349 875 1448 Stephani
901 1357 1175 1449 moguntinensis
1200 1353 1324 1426 factam
1350 1363 1457 1427 ratam
1484 1353 1599 1428 babet.

429 1519 504 1595 Nos
531 1521 586 1593 dei
612 1526 730 1615 gracia
753 1522 1033 1595 Bertholdus
1060 1523 1314 1620 herbipolensis
1332 1527 1527 1620 episcopus.
1565 1523 1717 1622 Recog-

330 1625 506 1697 noscimus
543 1645 605 1718 per
643 1633 851 1717 presentes,
891 1623 1002 1719 quoda
1040 1648 1115 1696 cum
1144 1680 1179 1696 ..
1208 1625 1358 1698 decanus
1399 1635 1434 1698 et
1467 1677 1498 1698 ..
1535 1625 1719 1724 capitulum

332 1723 483 1797 ecclesie
520 1732 641 1796 nostre
667 1722 919 1820 herbipolensis
960 1735 1100 1820 propter
1134 1727 1362 1798 necessitates
1403 1733 1571 1819 vrgentes
1611 1729 1721 1822 ipsius

331 1825 497 1898 vniuorsa
522 1821 639 1914 bona,
666 1846 731 1918 que
756 1827 792 1896 in
817 1824 901 1896 villa
926 1825 1210 1919 ingelnheim
1237 1827 1453 1899 inferiori
1489 1823 1722 1900 noscebantur

332 1919 476 2016 habere,
503 1927 630 1996 curiam
656 1923 832 2016 videlicet,
854 1947 974 2020 agros,
999 1929 1134 2018 vineas,
1161 1926 1324 2019 decimas,
1351 1949 1489 2018 census,
1511 1930 1569 2020 jus
1594 1939 1722 2024 patro-

332 2033 432 2098 natus
460 2023 526 2099 sibi
552 2047 745 2117 annexum,
788 2049 863 2098 cum
904 2026 1059 2100 omnibus
1081 2027 1213 2120 juribus
1251 2037 1287 2100 et
1311 2030 1532 2124 pertinenciis
1559 2031 1630 2102 suis
1656 2051 1722 2126 pro

335 2124 490 2199 ducentis
517 2128 642 2199 marcis
669 2125 918 2200 coloniensium
945 2127 1160 2200 denariorum
1198 2127 1361 2224 legalium
1388 2125 1625 2202 Walthero
1653 2129 1723 2202 de-

335 2249 422 2299 cuno
449 2225 601 2300 ecclesie
628 2228 738 2299 sancti
765 2223 927 2322 Stephani
953 2232 1226 2321 moguntinensis
1253 2233 1344 2301 iusto
1371 2227 1587 2302 vendiderint
1622 2230 1723 2303 titulo

335 2328 546 2424 empcionis‚
584 2336 686 2424 prout
726 2329 761 2399 in
788 2328 911 2401 litteris
948 2333 1101 2424 ipsorum
1140 2351 1244 2426 super
1281 2328 1348 2402 hoc
1382 2329 1549 2404 coniectis
1583 2329 1722 2426 plenius

335 2431 541 2517 continetur,
567 2449 632 2500 nos
659 2425 900 2501 vendicionem
927 2427 1069 2501 eandem
1108 2439 1239 2524 gratam
1276 2440 1311 2502 ct
1347 2441 1454 2504 ratam
1493 2429 1661 2504 habentes
1687 2434 1724 2506 iu

334 2529 444 2626 ipsam
469 2531 686 2625 presencium
724 2531 920 2601 testimonio
961 2534 1205 2604 consentimus.
1257 2530 1380 2602 Datum
1417 2529 1596 2626 Herbipoli
1631 2553 1723 2605 anno

335 2627 462 2704 domiui
487 2627 714 2720 Mecium,
740 2627 798 2701 xl.
825 2627 991 2703 kalendas
1018 2629 1232 2705 Decembris.

544 2799 591 2863 Ex
622 2806 823 2880 transeunte,
861 2798 942 2882 quod
972 2797 1092 2884 judices
1132 2807 1254 2864 sanctae
1287 2801 1480 2886 moguntinae
1518 2799 1601 2866 sedis
1645 2819 1722 2870 mo

485 2953 487 2958 ,
545 2883 777 2967 dcccxxvii„
798 2885 888 2952 Xllll
910 2885 1236 2974 kalendasllebruurlt
1259 2885 1405 2954 fecerant.

904 3287 1162 3365 coctum.

733 3425 741 3444 '
809 3458 899 3524 nano
925 3455 1027 3541 1272,
1050 3457 1080 3524 s.
1104 3458 1253 3526 ociosos.
1390 3405 1393 3412 ⁵

339 3633 528 3748 Capitulum
554 3650 694 3721 maioris
722 3647 895 3720 ecclesiae
919 3643 1172 3742 herbipolensis
1199 3657 1234 3719 ct
1259 3647 1422 3721 consules
1449 3671 1489 3720 uc
1515 3651 1724 3722 universitas

340 3751 486 3825 civitatis
499 3747 653 3822 eiusdem
665 3750 824 3820 unionem
837 3749 955 3820 ineunt
969 3745 1009 3817 ad
1024 3745 1262 3842 praecavenda
1275 3745 1527 3822 destructiones
1538 3747 1725 3844 ecclesias,

650 3851 799 3921 civitatis
826 3871 867 3918 ac
893 3851 995 3920 totius
1023 3847 1173 3920 diocesis
1199 3859 1255 3920 aut
1281 3858 1406 3920 terrac.

440 3977 466 4050 1.
479 4001 512 4052 n.
529 3973 560 4048 d.
578 3999 608 4048 a.
635 3973 939 4050 NosAlbertus
954 3979 1162 4073 prepositus,
1190 3976 1227 4049 S.
1255 3975 1404 4052 decanus
1419 3987 1595 4074 totumque
1622 3982 1724 4076 capi·-

341 4071 444 4150 tulum
471 4077 621 4152 motoris
638 4075 788 4154 ecclesie
809 4073 1075 4178 herbipolensis,
1101 4077 1262 4154 consoles
1291 4101 1332 4152 ac
1347 4081 1557 4160 vuiucrsitas
1577 4082 1725 4158 claritatis
