3768 4728
319 481 394 559 aad
903 451 1122 559 blonnmonta

317 683 446 758 nostris
474 681 628 758 manibus
654 683 865 780 resignauit,
900 681 1053 781 predicta
1079 679 1231 756 ecclesie
1267 683 1302 755 in
1326 679 1707 758 llahelsbrnnnen

319 783 472 858 dedimus
498 786 716 881 proprietatis
743 787 881 858 nomine
906 793 1072 882 perpetuo
1098 779 1341 880 possidendos,
1366 803 1472 879 snper
1495 781 1566 856 hac'
1586 783 1707 858 dona-

317 887 419 956 oione
443 885 562 957 nostra
589 895 777 959 memorata
803 883 967 976 ecclesie,
1000 907 1066 958 nec
1092 883 1193 956 alieni
1220 881 1262 956 de
1288 882 1356 955 hoc
1381 881 1537 972 dubietas
1564 886 1707 976 oriatur,

315 994 499 1082 presentes
525 984 644 1058 literas
671 987 705 1058 in
731 987 961 1059 testimonium
988 981 1231 1059 concedentes.
1282 981 1375 1057 Idem
1403 985 1504 1056 etlam
1524 984 1644 1077 miles,
1670 993 1708 1058 nt

315 1083 415 1157 nobis
443 1093 477 1156 et
504 1084 656 1159 ecclesie
671 1094 791 1160 nostre
806 1095 1000 1175 caneretur,
1027 1088 1061 1157 in
1076 1095 1268 1160 restaurem
1285 1082 1514 1180 predictorum
1530 1105 1708 1179 agrorum,

316 1183 459 1280 quedam
485 1183 575 1258 bona
600 1187 819 1282 proprietatis
846 1205 922 1278 sue,
948 1184 1112 1258 videlicet
1136 1183 1272 1258 domum
1299 1187 1334 1258 in
1360 1183 1444 1257 villa
1467 1185 1707 1258 Bernheim

316 1295 352 1357 et
377 1305 482 1379 agros
510 1283 551 1356 ad
577 1283 635 1356 XL
662 1285 848 1377 denarios,
888 1285 953 1358 duro
989 1288 1112 1383 jugera
1152 1287 1330 1360 vinearum
1372 1293 1451 1380 aput
1484 1283 1704 1380 bergelc,

316 1394 439 1476 ortum,
465 1385 599 1457 domum
627 1396 661 1457 et
687 1407 794 1480 agros
821 1395 899 1482 apnt
925 1383 1185 1460 Olienheim
1219 1383 1261 1456 ad
1294 1381 1355 1457 llll
1386 1385 1506 1458 uncias
1541 1385 1643 1461 nobis
1671 1397 1706 1474 et

316 1485 469 1560 ecclesie
495 1495 617 1558 nostre
643 1487 944 1583 improprietatem
980 1485 1116 1560 tradidit
1148 1507 1265 1559 coram
1291 1483 1435 1560 testibus
1463 1483 1704 1584 infrascriptis,
1800 1549 1803 1556 .

258 1579 278 1674 j
316 1609 383 1682 qne
407 1585 488 1658 leco
515 1607 677 1680 agrorum
705 1589 951 1682 premissorum
979 1611 998 1659 a
1024 1585 1123 1661 nobis
1148 1589 1182 1661 in
1209 1585 1313 1660 ieodo
1327 1583 1528 1682 possidebit.
1555 1587 1702 1661 Testes:

314 1684 509 1759 Fridericns
546 1685 589 1757 de
615 1683 821 1776 Grindelah,
856 1689 1042 1762 canonicus
1074 1685 1352 1786 herbipolensis,
1384 1689 1552 1782 magister
1583 1685 1703 1760 llber-

316 1785 439 1860 hardns
466 1785 693 1876 scolasticus,
725 1798 759 1858 ct
793 1785 1009 1862 Wernherds
1037 1790 1192 1860 canonici
1217 1789 1299 1859 noni
1324 1789 1547 1877 monasterii,
1584 1787 1703 1859 Lude-

315 1889 424 1958 wious
450 1884 493 1956 de
517 1885 741 1977 llnhaneche,
767 1886 935 1960 liudolfus
950 1888 992 1960 de
1007 1888 1191 1978 Hohenelt,
1216 1887 1396 1959 Heinrlcns
1419 1885 1463 1957 de
1483 1885 1704 1978 llittenheim,

316 1984 495 2058 Gernodns
537 1984 736 2060 honescnlts
771 1997 806 2060 et
840 1987 1061 2083 lilarqnardns
1097 1987 1274 2086 Orphanus
1314 1988 1524 2061 camerarius
1568 1997 1604 2060 et
1645 1988 1703 2060 alii

313 2109 411 2181 qnam
437 2086 563 2182 plnres.
618 2083 743 2159 Actum
771 2109 860 2160 anno
883 2087 1009 2162 domini
1025 2088 1084 2161 Mo·
1103 2085 1185 2160 00⁰·
1203 2087 1317 2177 thw,
1343 2083 1538 2160 indictionis
1565 2086 1702 2178 xtltte,

314 2185 392 2260 Vlll
417 2185 582 2261 kalendas
610 2186 824 2278 Decembris,
852 2191 1071 2287 episcopatus
1097 2191 1209 2262 nostri
1235 2209 1325 2261 anno
1353 2195 1456 2261 sexto
1482 2187 1627 2261 decimo.

524 2384 660 2472 Sigillum
682 2383 844 2450 Hermannl
868 2391 1003 2470 eplscopl
1024 2387 1140 2453 laesum
1163 2387 1320 2472 appendet.

913 2821 1104 2902 cclxvtl.

563 3127 564 3132 ἵ
628 3024 716 3090 Anno
742 3019 844 3108 1241,
870 3021 919 3092 15.
941 3025 1064 3110 Aprilis,
1086 3023 1165 3111 apud
1186 3023 1382 3114 llerblpoltm.

313 3209 528 3288 hermannus
552 3207 806 3308 herbipolensis
831 3214 1015 3308 episcopus
1032 3211 1187 3289 honestis
1212 3215 1377 3288 matronis
1392 3211 1549 3288 innodo
1563 3212 1700 3288 Slehe-

313 3311 387 3386 ried
414 3311 672 3404 atalieelntae,
697 3317 799 3386 uxori
824 3311 971 3407 Elgasti,
996 3315 1275 3410 consanguineis,
1301 3313 1697 3410 qnaannaoumlrmen·

314 3413 424 3510 gurdi,
450 3434 562 3486 uxore
577 3409 724 3506 Volgeri
750 3413 793 3486 de
805 3411 995 3504 Bernrode,
1021 3413 1097 3487 Jnta
1112 3437 1224 3488 uxore
1237 3411 1422 3488 lieinhardi
1437 3413 1480 3488 de
1493 3413 1698 3506 Grumbaeh,

313 3513 466 3588 Petrissa
503 3533 615 3586 uxore
649 3512 823 3588 Hartmndi
857 3511 899 3588 da
931 3511 1064 3589 Werna
1098 3525 1133 3588 et
1164 3515 1242 3590 luta
1273 3515 1408 3612 puella,
1448 3514 1626 3591 Gotalrido
1664 3525 1700 3590 ot

313 3615 476 3690 lleinrico
510 3614 626 3712 pneris
661 3616 732 3689 suis
767 3638 809 3688 ao
834 3615 952 3689 amieis
983 3613 1061 3689 aliis
1086 3617 1316 3711 praesentiam
1342 3638 1438 3691 suam
1464 3611 1699 3708 accesserant,

314 3725 349 3789 et
376 3723 670 3815 recognoverant,
695 3715 786 3811 qnod
797 3717 936 3790 nomine
951 3713 1220 3790 ministerialium
1236 3713 1409 3792 eeclesiae
1422 3739 1506 3794 snae
1521 3720 1699 3814 attineant,

613 3817 666 3890 ins
691 3815 960 3894 ministerialium
986 3836 1199 3891 conservare
1223 3817 1397 3914 promittit.

414 3985 586 4079 „Testes2
614 3983 810 4062 Goteiridns
837 3985 999 4076 decanus,
1024 3983 1219 4063 Fridericua
1245 3997 1386 4082 cantor,
1411 3987 1627 4066 Barchardns
1653 3987 1698 4065 de

314 4083 526 4181 Ebersberg,
551 4089 691 4162 maioris
717 4084 912 4178 ecelesiae,
937 4085 1153 4162 Wemherus
1181 4090 1349 4186 scriptor,
1373 4093 1457 4165 novi
1484 4093 1696 4204 monasterii,
