3794 4722
565 495 570 502 ·
588 481 803 574 episcopatus
828 477 1122 573 wirciburgensis.
1479 477 1550 552 len

173 679 248 750 terii
274 675 487 748 dominorum
514 675 556 748 de
583 699 726 770 summo,
753 677 954 754 liethardus
981 689 1016 750 et
1041 677 1275 752 Theodericus
1309 678 1407 752 ambo
1435 678 1551 750 celle-

171 779 262 865 rrrii,
288 775 468 848 Heinricus
495 779 660 870 magister
686 782 831 872 coquine
857 778 1081 868 dominorum,
1107 783 1271 874 magister
1284 777 1550 865 Velcbenaptlus

170 887 203 948 et
228 875 317 948 lilius
345 879 418 948 eius
447 874 679 968 Gelbeiridus‚
705 877 945 951 Brumwardus
971 876 1092 950 Faber.

270 993 357 1066 Aeta
384 1002 461 1064 sunt
486 991 551 1065 bec
587 1015 675 1066 anne
715 993 883 1068 dominice
918 998 1159 1071 incarnationis
1194 997 1377 1069 millesimo
1413 995 1546 1069 ducen-

169 1096 290 1164 tesiine
317 1095 439 1180 tercio,
449 1091 632 1166 indictione
641 1104 753 1184 sexta,
768 1105 935 1189 regnante
951 1095 1204 1190 gloriosissime
1220 1097 1451 1170 Romanorum
1462 1121 1548 1190 rege

168 1193 341 1288 Philippu,
375 1191 537 1266 Heinrico
564 1193 847 1289 wirceburgense
882 1195 994 1268 eleeto
1034 1199 1224 1284 existente,
1266 1197 1429 1270 Bertcldo
1455 1196 1551 1270 vrbis

170 1294 322 1388 prefecto
350 1291 554 1386 presidente.

380 1491 515 1575 Sigillum
537 1491 657 1574 capituli
684 1498 803 1558 maioris
838 1495 988 1556 eeclesiae
1011 1493 1229 1576 herbipolensis
1251 1501 1433 1577 impressum
1455 1497 1549 1562 adast

790 1909 918 1983 CLXV.

760 2111 848 2173 Anno
875 2107 965 2173 1203.

174 2293 427 2389 Gbuueguntlis
451 2290 518 2364 lilia
547 2249 680 2366 Oitenls
707 2296 836 2384 militis,
862 2252 1034 2368 consensu
1060 2298 1171 2367 mariti
1197 2299 1249 2366 sui
1266 2294 1436 2370 Counradi
1455 2299 1550 2370 Uur-

172 2395 276 2468 melin
304 2406 338 2466 et
364 2395 477 2466 fratris
506 2395 579 2465 eins
605 2395 790 2468 Hermanni
817 2395 936 2512 Glcpis
963 2407 998 2466 at
1021 2393 1207 2466 liberorum
1224 2415 1362 2467 sucrum
1378 2395 1419 2466 arl
1442 2398 1550 2470 nltara

173 2495 207 2566 S.
237 2495 493 2567 Pantaleonis
484 2515 518 2587 ιιι
545 2495 712 2612 οιριΗιοιίο
741 2517 849 2568 maror
852 2519 879 2566 rs
913 2496 1084 2566 ecclesiae
1123 2492 1414 2589 wirceburgensis
1440 2498 1550 2569 lutam

173 2604 206 2666 et
230 2594 431 2668 Lucbardinr
456 2591 557 2664 filiam
593 2597 666 2668 eius
704 2597 777 2666 iure
811 2597 1027 2692 proprietatis
1061 2593 1124 2668 sibi
1150 2599 1331 2668 attinentes
1359 2594 1480 2687 donat,
1516 2609 1551 2670 ut

174 2695 318 2789 singulis
346 2698 442 2768 annis
469 2703 610 2788 utraque
637 2717 752 2766 eanim
769 2705 839 2768 tres
866 2693 1025 2767 denarios
1052 2693 1112 2766 vel
1126 2693 1294 2766 dimidiam
1308 2693 1428 2768 libram
1447 2719 1550 2770 cerae

612 2794 653 2864 ad
678 2793 766 2865 idern
793 2795 900 2866 altare
925 2795 1115 2890 persolvat.

270 2961 361 3054 ιθ.
412 2959 450 3032 Ιιι
475 2966 611 3042 nomine
638 2973 756 3035 sancte
784 2975 817 3036 et
842 2963 1012 3034 indiuidua
1038 2932 1208 3036 trinitatis.
1262 2963 1450 3059 Capitulum
1471 2987 1550 3036 rna-

172 3063 254 3137 ioris
291 3061 441 3135 ecclesie
483 3051 785 3155 wirceburgensis.
838 3064 911 3150 Qua
949 3066 1068 3135 intuitu
1103 3062 1158 3135 dei
1193 3063 1439 3137 rationabiliter
1474 3065 1550 3136 dis-

173 3171 352 3256 ponuntur,
380 3161 568 3234 litterarum
594 3168 944 3234 merenturrnemcrie
970 3163 1202 3253 conmendari,
1228 3175 1263 3235 ut
1291 3185 1406 3235 earum
1424 3176 1549 3236 aucto-

172 3267 270 3334 ritate
296 3273 516 3356 permancant
542 3263 756 3335 inconuulsa.
782 3261 906 3334 Notum
933 3268 977 3336 sit
1002 3267 1105 3356 igitur
1132 3274 1197 3334 tarn
1210 3261 1425 3358 presentibus
1453 3286 1551 3357 quarn

172 3367 334 3457 pesteris,
359 3361 448 3456 quod
475 3362 795 3456 Cbunegundis
824 3361 890 3434 lilia
918 3363 1097 3436 Ottcnis
1120 3363 1233 3434 militis
1251 3385 1424 3436 consensu
1440 3367 1550 3434 mariti

173 3468 223 3535 sui
251 3457 446 3534 Ginradi
474 3463 704 3534 Uurmelin
738 3473 772 3534 et
809 3463 924 3537 fratris
961 3468 1034 3536 eius
1060 3463 1297 3534 Hermanni
1332 3462 1489 3557 Glcpis
1516 3471 1552 3534 et

172 3561 356 3636 liberorum
385 3583 522 3633 suerum
550 3573 585 3633 et
610 3561 704 3634 nullo
732 3573 956 3656 cognatorum
983 3585 1120 3635 suorum
1148 3563 1206 3633 vel
1238 3562 1381 3633 aliorum
1407 3571 1550 3634 centra-

174 3663 326 3750 licente2
365 3665 453 3733 insto
480 3663 586 3734 titulo·
613 3661 751 3736 donauit
777 3674 896 3734 saneto
922 3663 1122 3737 Pantaleoni
1156 3661 1198 3732 ad
1230 3662 1337 3732 altare
1375 3665 1481 3756 ipsius
1517 3666 1552 3734 in

174 3761 334 3858 capitolio
361 3765 501 3836 maioris
538 3761 689 3834 ecclesie
714 3763 1014 3857 uuirceburgensis
1050 3765 1190 3834 lutam
1227 3771 1260 3832 et
1285 3761 1551 3834 buchardim

173 3860 274 3939 libam
301 3864 390 3952 eius,
414 3885 480 3956 que
506 3865 540 3934 ei
566 3865 639 3939 iure
664 3865 882 3958 proprietatis
909 3861 1104 3950 attinebant,
1130 3861 1322 3954 utringulis
1339 3864 1551 3937 annisvtra-

174 3985 237 4056 qus
264 3983 379 4037 sarain
404 3972 474 4044 tres
501 3961 660 4062 denaries
687 3962 746 4035 vel
773 3962 940 4039 dimidiam
976 3961 1094 4035 libram
1123 3983 1204 4032 cere
1242 3959 1284 4033 atl
1319 3959 1407 4034 idem
1444 3961 1553 4037 altare

173 4063 349 4156 persoluat
375 4073 411 4132 et
435 4066 487 4135 sic
512 4061 554 4134 ab
582 4066 672 4148 enni
700 4066 840 4155 angaria
865 4072 900 4133 et
920 4065 1001 4156 iugo
1014 4061 1154 4136 alterius
1168 4059 1307 4142 dominii
1333 4065 1377 4142 sit
1392 4065 1428 4134 in
1441 4065 1554 4146 munis
