3794 4722
337 461 406 535 118
906 456 1122 534 Monumenta

332 683 416 747 um,
459 657 652 730 Garhardus
691 655 839 730 decanus
864 660 946 730 noui
972 662 1191 747 monasterii,
1229 658 1327 732 Amo
1363 669 1504 748 custos,
1541 657 1707 739 umecta„

332 759 537 833 Adelbertus
552 769 682 849 centor,
707 756 913 848 Burkardus‚
937 757 1150 849 Ademtum,
1171 752 1344 832 Cdnradus
1359 759 1559 832 Roceolius.
1592 759 1705 830 Laici:

331 859 510 934 Heinricus
535 869 569 932 et
593 859 772 930 Heinricus
799 857 954 942 sculteti„
989 857 1067 930 Otto
1102 871 1136 931 et
1170 859 1277 932 frater
1303 883 1384 934 suus
1409 859 1522 950 Arno,
1547 859 1706 931 Weren-

331 959 467 1048 hardus
493 959 706 1048 Atellanus,
731 957 909 1030 Heinricus
926 956 1115 1054 orphanus,
1140 959 1339 1034 Helewicus
1356 959 1466 1034 Albus
1483 960 1591 1032 etalii
1609 981 1705 1052 quam
1728 1003 1732 1012 ·

220 1067 222 1089 ¹
329 1060 472 1154 plurimi.
523 1061 626 1132 Facta
651 1068 705 1132 est
729 1057 792 1150 hec
817 1056 989 1151 delegatio
1016 1081 1104 1132 anno
1131 1057 1296 1151 dominice
1323 1063 1565 1132 incarnationis
1586 1059 1705 1131 mille-

332 1164 418 1242 simo
446 1163 632 1240 centesimo
660 1160 875 1251 octogesimo
901 1161 1028 1253 primo,
1053 1158 1237 1234 indictione
1261 1171 1381 1254 quarta
1407 1160 1558 1249 decima,
1591 1163 1705 1255 impe-

330 1271 427 1332 rante
466 1259 642 1334 Friderico
690 1258 944 1352 gloriosissimo
991 1259 1224 1334 Romanorum
1268 1264 1496 1356 imperatore,
1542 1261 1706 1357 Boppone

331 1364 455 1434 comite
489 1358 780 1454 wirzeburgensis
816 1357 908 1434 urltis
942 1359 1169 1455 prefecturam
1195 1371 1335 1437 tenente
1361 1372 1396 1436 et
1420 1372 1577 1455 regente.
1659 1427 1662 1436 .

539 1529 673 1614 Sigillum
686 1534 864 1609 impressum
878 1527 1067 1613 Regcnhardi
1085 1535 1195 1613 optime
1207 1538 1426 1612 conservatum,
1437 1531 1518 1596 luum
1534 1538 1706 1614 episcopum

538 1622 751 1694 repraesentat
769 1613 934 1695 sedentem,
957 1615 1056 1679 habitu
1078 1615 1236 1698 pontificali
1259 1616 1390 1680 indutum
1398 1665 1407 1698 ,
1431 1623 1580 1681 tenentem
1602 1618 1707 1681 dextra

536 1699 656 1782 pedum,
678 1705 797 1764 sinistra
819 1700 927 1764 librum
949 1704 1172 1788 euangeliorum
1188 1707 1220 1763 iu
1237 1721 1296 1782 quo
1318 1704 1417 1782 „PAX
1432 1703 1526 1768 vott.
1541 1707 1571 1769 .“
1594 1705 1705 1788 legun-

538 1785 616 1864 dum‚
640 1801 708 1848 cum
728 1791 944 1868 inscriptione:
977 1793 1019 1868 „†
1042 1785 1291 1856 nasturtium
1312 1789 1360 1853 Dl.
1385 1789 1462 1853 uun
1484 1787 1704 1854 wlucocvu-

537 1870 670 1937 GENSlS
691 1871 814 1938 ttocttt
835 1871 937 1938 EPG“.
1062 1896 1066 1906 ·

944 2168 1095 2244 cxxxi.

917 2339 1004 2407 Auno
1029 2337 1120 2406 1182.

331 2525 488 2622 Collegio
524 2529 632 2600 sancti
657 2507 779 2598 lliliani
813 2523 855 2596 do
889 2523 991 2598 domo
1027 2535 1174 2600 testante
1211 2524 1360 2598 ludaeos
1394 2523 1537 2614 ,sumunt
1576 2529 1704 2598 curium

329 2623 1705 2822 ttttlttpttt¹litltlt‘’ttllttlttttlltttltlteltdltt

330 2826 371 2900 ab
387 2825 453 2899 hoc
469 2837 579 2900 autem
592 2825 763 2915 ecclcsiae
776 2825 896 2898 maiori
909 2821 1076 2915 traditam,
1102 2849 1123 2897 a
1141 2824 1283 2900 custode
1300 2849 1383 2920 erga
1398 2848 1546 2901 aunuum
1562 2849 1702 2902 censum

951 2927 1082 3021 recipit.
1405 2962 1406 2968 κ

431 3051 469 3126 Ο.
518 3053 556 3126 ln
581 3055 719 3126 nomme
743 3063 858 3146 sancte
890 3063 926 3126 et
949 3053 1115 3148 indiuiduo
1146 3049 1315 3126 trinitatis.
1368 3053 1560 3147 Collegium
1594 3057 1701 3128 sancti

329 3153 465 3250 llpliani
491 3153 532 3226 de
558 3153 671 3226 domo.
721 3151 845 3227 Notum
872 3156 916 3226 sit
939 3152 1086 3227 lidelium
1110 3157 1345 3244 uniuersum,
1371 3153 1514 3226 ludeum
1536 3153 1702 3248 quendam

331 3254 583 3328 Samuelem
605 3256 743 3326 nomine
769 3253 871 3326 rebus
897 3257 969 3328 suis
995 3254 1081 3350 apud
1106 3253 1440 3350 Engolltardum
1470 3251 1521 3326 do
1546 3254 1702 3326 Bibol-

330 3353 449 3426 rieth
474 3357 540 3428 lroc
564 3354 776 3446 obtinuisse,
802 3353 891 3452 quod
915 3357 991 3450 ipse
1016 3377 1132 3427 arcam
1157 3354 1319 3449 quandam
1345 3357 1379 3425 in
1405 3357 1542 3426 ciuitate
1567 3359 1701 3426 wirne-

329 3453 491 3550 lmrgensi
533 3466 570 3528 et
608 3459 643 3527 in
680 3455 832 3551 platea
875 3454 1117 3526 Judeorum
1161 3459 1279 3544 sitam,
1328 3475 1393 3548 qua
1432 3477 1451 3524 a
1489 3455 1728 3551 Boppone²

329 3553 511 3650 burgrauio
547 3555 801 3630 inhancllciatus
837 3564 931 3645 crat,
969 3554 1079 3626 cidem
1116 3555 1299 3648 burgrauio
1340 3557 1538 3647 resignauit.
1602 3557 1701 3628 Ean-

330 3655 405 3728 dem
436 3663 572 3751 quodum
604 3678 720 3728 aream
753 3655 906 3727 dominus
943 3665 1063 3728 noster
1096 3653 1386 3746 wirceburgensis
1418 3655 1566 3746 ecclesie
1600 3659 1701 3752 cpis-

329 3774 436 3852 copus
464 3779 485 3828 a
509 3757 692 3849 burgrauio
718 3755 785 3830 sibi
818 3756 1026 3848 resignatam
1059 3755 1205 3846 ecclesie
1241 3764 1360 3845 nostro
1392 3751 1613 3846 contradidit,
1655 3776 1699 3828 eo

327 3865 447 3950 paeto.
468 3856 566 3951 quod·
593 3855 763 3952 predictus
788 3853 916 3928 tultus
954 3879 973 3926 a
1013 3877 1112 3927 manu
1136 3852 1379 3925 Adelltcrti
1412 3851 1557 3947 ecclesie
1581 3863 1700 3948 nostre

328 3955 479 4030 custodis
503 3977 580 4028 ean
603 3959 786 4051 reciperet,
814 3957 983 4028 annuatim
1007 3953 1042 4028 iu
1067 3957 1158 4030 festo
1185 3957 1292 4028 sancti
1317 3953 1454 4052 Kyliani
1479 3955 1545 4027 duo
1572 3953 1699 4027 talenta

328 4079 405 4150 cere
431 4056 584 4132 totum·
628 4055 757 4130 Eadem
783 4058 884 4130 edum
909 4079 989 4130 area
1016 4075 1138 4134 ucrms
1167 4058 1333 4128 orientem
1361 4057 1495 4151 attingit
1530 4053 1700 4153 paludem
