3836 4722
617 404 835 498 espicopatu
861 401 1154 498 wirsiburgensis.
1546 409 1595 484 59

205 600 361 693 iringere
377 601 624 696 presumpserit
640 601 701 674 vel
717 601 863 696 aliquam
884 603 1092 678 violenciam
1109 612 1229 674 contra
1255 607 1416 678 iustitiam
1432 607 1585 680 intulerit

135 729 141 736 ·
206 702 293 772 sicut
320 722 339 771 a
371 709 541 772 conuentu
576 708 611 770 et
647 724 666 772 a
700 700 799 773 nobis
824 707 1030 778 unanimiter
1067 711 1101 774 et
1139 701 1304 775 denocius
1340 716 1393 778 est
1424 717 1584 778 statutum

210 797 507 891 indingnaeionem
544 809 580 870 et
619 801 784 874 eliensem
828 801 882 872 dci
918 806 1162 899 omnipotentis
1199 823 1266 874 nco
1305 825 1376 876 non
1416 804 1594 878 beatorum

209 897 359 993 Kylyani
386 909 420 971 et
445 902 620 976 sociorum
647 903 722 972 eins
749 923 790 972 se
815 906 948 974 senciat
974 904 1116 996 grauim
1137 905 1335 976 incurrisse.
1369 903 1465 976 Hanc
1491 907 1594 996 igitur

210 997 477 1085 ordinacionem,
504 1007 540 1070 nt
564 1009 637 1070 rata
663 1003 899 1096 inperpetuum
918 1009 1132 1098 permaneat,
1158 1001 1264 1094 sigilli
1289 1005 1399 1076 nostri
1413 1006 1593 1076 munimine

209 1095 411 1190 diligencius
438 1097 650 1170 roboremus.

309 1197 397 1268 Acta
423 1208 502 1269 sunt
527 1195 592 1268 bec
618 1219 707 1270 anno
722 1198 892 1271 dominice
908 1201 1159 1272 incarnacionis
1184 1197 1238 1270 Μ’·
1257 1198 1302 1270 0⁰·
1316 1199 1386 1272 XL.
1399 1197 1589 1272 venerabili

208 1300 240 1368 in
267 1295 406 1370 Christo
432 1306 528 1392 patre
553 1297 783 1370 Emericbona
809 1301 974 1393 episcopo
1002 1307 1129 1370 extunc
1154 1308 1353 1391 rengnante.

417 1445 552 1530 Sigillum
576 1447 695 1527 capituli
719 1449 869 1510 ccclesiae
892 1445 1070 1510 cathedralis
1099 1449 1343 1534 wirciburgensis
1375 1447 1522 1530 appendet
1552 1467 1591 1510 ex

416 1531 473 1593 ilis
494 1537 611 1610 sericis,
635 1539 768 1594 sonctnm
791 1531 955 1594 Chlllanum
978 1541 1230 1614 repraesentans,
1263 1531 1440 1596 condentem
1462 1539 1491 1594 in
1515 1534 1590 1595 sollo

415 1618 582 1698 episcopali,
605 1617 772 1698 dextroque
788 1617 907 1698 pedum,
931 1623 1050 1680 sinistra
1066 1619 1172 1681 librum
1190 1619 1415 1704 evangeliorum
1430 1625 1592 1696 tenerrtem,¹

417 1721 483 1766 cum
504 1707 717 1784 nuoripnone:
741 1703 915 1768 SANGTVS
938 1703 1149 1768 ClllLlANVS.
1364 1725 1367 1736 ·

857 1995 944 2069 xci.

795 2139 882 2204 Anno
908 2135 1001 2206 1141.

307 2306 488 2380 Embricbo
515 2309 808 2402 wirceburgensis
836 2311 1019 2405 episcopus
1046 2312 1099 2382 ins
1125 2307 1337 2382 censualium
1363 2307 1533 2381 bominum
1553 2315 1588 2380 in

705 2409 884 2482 Horlolren
911 2408 1097 2480 confirmat.

308 2573 346 2646 ln
372 2578 511 2646 nomine
537 2585 654 2648 sancte
681 2585 715 2646 et
739 2573 911 2646 indiuiduo
938 2576 1106 2649 trinitatis.
1148 2573 1228 2668 Egow
1249 2571 1431 2650 Embricho
1457 2577 1591 2650 wirae·-

207 2675 393 2767 burgensis
420 2678 603 2769 episcopus
629 2678 795 2746 memorie
822 2677 968 2745 omnium
981 2684 1048 2745 tam
1064 2673 1252 2746 futurorum
1270 2695 1367 2768 qnam
1383 2677 1593 2768 presentium

209 2773 338 2846 Christi
363 2771 512 2846 fidelium
538 2778 713 2847 insinnare
741 2776 869 2862 curaui,
896 2771 986 2867 quod
1012 2771 1144 2867 qnidam
1170 2773 1326 2846 homines
1342 2776 1453 2848 nostri
1468 2771 1591 2845 Etle-

209 2871 335 2945 bardns
362 2873 497 2946 scilicet
523 2883 557 2945 et
580 2872 774 2946 Gerhardns
801 2894 877 2943 cum
904 2893 1033 2946 sorore
1055 2895 1117 2946 sua
1134 2872 1325 2945 Adelheida
1350 2883 1386 2944 et
1412 2895 1486 2944 cum
1512 2871 1592 2946 liliis

212 2983 246 3044 et
272 2971 406 3046 filiabus
432 2983 636 3045 martertcre
663 2995 749 3064 saep
781 2971 882 3046 simul
920 2993 994 3042 cnm
1029 2975 1111 3068 ipsis
1139 2971 1180 3043 ad
1206 2973 1313 3044 altare
1339 2969 1430 3044 beati
1455 2972 1592 3068 Kyllani

211 3075 358 3144 martiris
377 3075 412 3143 in
428 3073 536 3144 Horl
548 3071 657 3144 chen
683 3068 941 3167 pertinentibus,
968 3073 1004 3142 in
1021 3074 1229 3166 presentiam
1245 3080 1399 3145 nostram
1414 3082 1593 3162 uenerunt,

213 3182 247 3244 et
275 3171 422 3266 qualiter
448 3171 490 3244 de
516 3169 625 3244 libera
650 3193 751 3243 manu
768 3169 1055 3266 predecessorum
1074 3192 1214 3244 snorum
1232 3169 1344 3243 diuina
1362 3173 1592 3242 amminitione
1689 3257 1691 3260 v

212 3273 363 3344 seruicio
389 3271 531 3365 predicti
558 3274 707 3344 martiris
733 3272 913 3366 mancipati
931 3268 1057 3340 inerint
1072 3271 1106 3340 in
1122 3272 1357 3344 uenustissime
1375 3268 1592 3364 cyrographo

212 3393 276 3444 suo
303 3369 403 3444 nobis
432 3381 679 3466 exposuerunt,
704 3369 770 3445 hac
794 3369 956 3442 uidelicet
971 3368 1199 3458 conditione,
1232 3379 1269 3440 nt
1293 3368 1421 3462 singuli
1447 3369 1590 3462 singulis

212 3471 309 3542 annis
347 3469 433 3542 duos
468 3471 627 3546 derarns
663 3491 827 3546 eorumne
861 3471 1005 3568 pretium
1031 3471 1066 3540 in
1092 3491 1173 3540 cera
1198 3467 1256 3544 uel
1281 3472 1315 3540 in
1337 3465 1411 3562 lino
1439 3465 1480 3538 ad
1505 3490 1591 3563 pro-

212 3569 335 3641 dictum
362 3567 472 3642 altore
498 3569 676 3644 soluerent
701 3581 736 3641 et
762 3573 813 3643 sic
838 3567 1003 3662 reliquum
1030 3567 1194 3662 temporis
1220 3566 1262 3638 ab
1288 3569 1379 3639 omni
1395 3565 1507 3638 debito
1524 3567 1591 3639 ub-

213 3669 337 3757 solnti‚
371 3668 498 3746 nullius
524 3670 755 3766 obpressione
782 3670 918 3762 gruum
943 3669 1248 3762 pertimescerent3
1282 3670 1312 3740 si
1336 3687 1424 3739 uara
1449 3666 1591 3740 alicuius

212 3769 268 3842 ael
305 3767 494 3861 aliquorum
528 3768 703 3864 tyrranide
736 3769 980 3842 infestarentur
1012 3769 1048 3838 in
1072 3763 1281 3859 Wiraeburg
1306 3765 1454 3838 concilio
1481 3764 1592 3838 debita

212 3868 290 3944 inde
317 3865 466 3942 uindicta
491 3878 729 3958 enumeretur,
753 3877 895 3962 etpost
920 3865 1047 3940 obitum
1073 3865 1221 3938 alicuius.
1241 3887 1361 3939 eornm
1382 3867 1414 3940 si
1428 3868 1592 3940 uirwessot

212 3971 376 4062 optimum
402 3963 445 4042 de
469 3967 672 4064 pecoribus,
703 3971 737 4042 si
773 3967 895 4040 mulier
929 3969 1054 4061 optim
1079 3967 1225 4040 uestium
1241 3964 1423 4104 pacerdod
1449 3965 1593 4062 prount
