3768 4728
582 520 798 612 episcopatus
825 514 1116 608 wirciburgensis.
1466 515 1537 588 265

769 945 942 1020 ccxuttt.

585 1148 673 1208 Anruo
699 1145 801 1227 1234,
824 1164 930 1208 mense
952 1145 1121 1208 Norernbri.

164 1339 375 1409 llermaunus
402 1331 654 1428 herbipolensis
667 1335 850 1426 episcopus
877 1341 991 1403 notum
1018 1331 1111 1419 iacit,
1137 1329 1225 1426 qood
1242 1329 1540 1406 blehtildiscomi-

166 1441 245 1508 tissa
274 1435 316 1506 de
341 1431 568 1506 Henneuberc
594 1453 694 1502 manu
720 1431 908 1502 coadunata
945 1434 1055 1502 mariti
1089 1433 1141 1504 sui
1167 1429 1311 1502 Gotiridi
1339 1435 1472 1506 comitis
1499 1431 1542 1505 de

165 1533 393 1622 llicbcnbacb,
420 1555 553 1604 omnem
570 1535 812 1627 proprietatem
830 1535 894 1628 ipsi
911 1554 957 1604 ex
971 1529 1153 1604 donatione
1167 1530 1294 1605 nobilis
1310 1535 1377 1602 viri
1389 1531 1542 1606 Heinrici

322 1633 364 1708 da
391 1634 569 1728 Trimpere
594 1631 790 1709 devolutam
817 1631 990 1706 ecclesiae
1016 1631 1250 1727 herbipolensi
1276 1631 1377 1704 dedit

289 1803 310 1866 l.
334 1822 363 1866 n.
387 1823 411 1866 s.
437 1822 463 1864 e.
486 1807 505 1865 i.
530 1809 548 1864 t.
572 1822 589 1864 a
642 1801 885 1864 Hermannus
908 1800 956 1864 dei
980 1806 1075 1886 gratia
1097 1801 1318 1882 herbipolensis
1333 1807 1493 1884 episcopus
1509 1849 1543 1866 ..

166 1909 255 1954 nosse
276 1891 413 1952 volumus
436 1893 594 1951 uniuersos
605 1895 761 1970 presentes
784 1895 895 1970 etpost
909 1887 1036 1963 futuros,
1060 1886 1140 1968 quod
1156 1885 1409 1951 nobilismatrona
1425 1887 1544 1955 domina

164 1975 362 2038 llebtildis
385 1979 537 2036 comitissa
560 1973 598 2036 de
620 1973 881 2056 Hennenberg
914 1993 1001 2036 manu
1031 1971 1198 2036 coadunata
1227 1978 1322 2036 mariti
1357 1979 1404 2036 sui
1433 1975 1543 2038 nobilis

165 2068 217 2124 uiri
241 2060 412 2123 Gotlridi
434 2064 549 2122 cornitis
573 2059 611 2122 de
633 2059 902 2138 Riclrenbaeb,
932 2063 1062 2139 receptis
1084 2059 1121 2122 ab
1144 2059 1275 2122 ecclesia
1297 2066 1401 2122 nostra
1424 2067 1542 2122 centurn

166 2153 271 2210 rrumcis
294 2150 411 2230 argenti
433 2164 550 2207 omnem
572 2150 783 2226 proprietatem
805 2162 889 2208 suana
911 2145 1120 2225 subscriptam,
1140 2163 1202 2224 que
1225 2143 1262 2207 ad
1280 2150 1375 2226 ipsam
1390 2163 1428 2211 ex
1444 2144 1543 2208 doua-

166 2237 243 2296 tione
266 2233 373 2294 nobilis
394 2235 450 2292 viri
472 2231 646 2292 Heinrici
668 2229 706 2292 de
729 2229 927 2311 Trimperc
949 2230 1089 2294 deuoluia
1112 2227 1224 2309 luerat,
1255 2238 1286 2292 et
1307 2229 1443 2294 bomines
1466 2232 1543 2294 sub-

165 2325 291 2400 scriptos
311 2337 366 2400 per
387 2335 504 2380 menum
527 2315 689 2380 salamarmi
712 2319 777 2394 sui,
811 2316 919 2378 nobilis
953 2321 1009 2378 uiri
1030 2315 1250 2398 llauegoldi
1281 2315 1320 2378 de
1350 2316 1544 2396 Wiltperc

166 2409 301 2482 senioris,
323 2407 374 2484 qui
395 2419 523 2484 presens
545 2401 657 2480 aderat,
679 2401 810 2462 ecclesie
833 2407 937 2464 nostre
960 2401 1040 2464 dedit
1055 2406 1244 2482 proprietatis
1267 2405 1545 2482 nomineperpetuo

167 2489 392 2571 possidendam,
427 2486 559 2550 ollerens
593 2487 672 2549 illurn
704 2505 795 2568 super
826 2487 970 2567 reliquias
993 2494 1163 2564 sanctorum
1193 2493 1355 2567 martyrum
1377 2485 1492 2568 Kyliani
1515 2495 1546 2550 et

167 2581 315 2640 sociorum
338 2592 460 2638 suorum
484 2573 644 2634 liberaliter
667 2577 697 2632 et
720 2571 846 2650 deuote,
875 2579 907 2634 ut
929 2591 995 2634 curn
1018 2577 1083 2652 ipsa
1105 2579 1240 2636 matrona
1263 2577 1293 2632 et
1314 2573 1437 2634 maritus
1460 2590 1544 2650 suus,
1572 2571 1579 2584 “

167 2679 266 2724 cernes
289 2659 450 2742 predictus,
474 2657 511 2720 de
534 2658 633 2722 medio
656 2657 763 2720 sublati
787 2655 912 2734 luerint,
945 2661 1166 2728 anniuersarius
1195 2663 1352 2736 utriusque
1383 2663 1467 2719 certo
1490 2676 1546 2720 suo

168 2755 300 2828 tempore
323 2765 339 2808 a
362 2751 466 2808 nostre
489 2744 620 2806 ecclesia
644 2741 843 2806 confratribus
867 2744 1048 2822 celebretur,
1071 2761 1105 2806 se
1129 2743 1167 2806 da
1182 2749 1244 2826 ipsa
1259 2747 1442 2824 proprietate
1457 2761 1546 2806 manu

168 2841 196 2894 et
217 2834 342 2910 calamo,
364 2833 456 2912 prout
478 2825 700 2892 consuetudinis
724 2835 780 2905 est,
804 2828 970 2894 abdicando
993 2836 1024 2890 et
1044 2829 1240 2892 renuntiando
1262 2833 1342 2890 omni
1363 2833 1436 2907 iuri,
1465 2827 1547 2908 quod

167 2923 195 2978 tn
215 2923 281 2999 ipsa
302 2920 482 2998 proprietate
503 2914 633 2982 babebat
655 2914 703 2974 vel
724 2913 837 2976 habere
860 2912 1024 2978 uidebatur.
1069 2915 1208 2980 Simiditer
1238 2905 1283 2976 ad'
1305 2919 1422 2978 iussum
1453 2919 1548 2996 ipsius

168 3001 234 3066 dicti
256 3003 374 3066 nobiles
398 2999 431 3064 G.
456 3017 559 3064 earnes
581 2997 732 3081 predictus
756 3005 785 3059 et
805 2998 1067 3084 Manegoldus
1090 3001 1280 3064 salamannus
1301 3004 1399 3082 ipsius
1412 3001 1547 3076 manibus

170 3096 197 3150 et
219 3089 340 3150 calamis
362 3090 606 3150 renuntiauerant
628 3089 706 3148 omni
738 3087 814 3162 iuri,
843 3085 923 3165 quod
951 3089 1068 3148 ratione
1089 3086 1224 3168 predicte
1246 3093 1380 3148 rnatrone
1411 3091 1441 3148 in
1473 3090 1547 3168 ipsis

169 3173 252 3236 bonis
271 3171 298 3250 ¹)
319 3171 433 3234 babere
453 3171 641 3234 uidebantur.
687 3169 762 3232 lluic
785 3169 935 3232 donationi
959 3179 989 3232 et
1011 3177 1175 3234 contractui
1199 3177 1246 3234 est
1268 3171 1435 3251 adiectum,
1467 3168 1548 3252 quod

170 3257 245 3322 dicta
267 3259 385 3322 domina
406 3257 444 3318 bl.
469 3264 498 3318 et
520 3257 627 3319 nobilis
651 3253 683 3316 G.
708 3262 891 3318 memoratus
912 3262 978 3337 ipsa
1000 3257 1078 3320 bona
1100 3263 1162 3319 uite
1178 3275 1234 3318 sue
1248 3259 1431 3338 temporibus
1446 3261 1549 3337 possi-

170 3343 288 3423 debunt,
311 3349 431 3424 etpost
452 3349 578 3404 mortem
600 3345 767 3420 utriusque,
790 3345 815 3402 si
839 3345 904 3404 sine
914 3341 1086 3421 heredibus,
1108 3347 1208 3422 pueris
1223 3341 1374 3421 uidelicet,
1397 3361 1451 3423 per
1465 3347 1549 3422 ipsos

170 3434 334 3514 progenitis
368 3428 571 3504 decesserint,
600 3425 679 3490 bona
700 3431 766 3507 ipsa
796 3424 833 3488 ad
855 3434 985 3490 nostram
1008 3428 1168 3492 ecelesiam
1189 3435 1381 3490 reuertentur
1404 3427 1496 3490 libera
1519 3433 1550 3489 et

171 3515 314 3579 absoluta.
357 3513 421 3576 llec
442 3513 521 3576 bona
541 3511 637 3574 dedit:
670 3509 783 3574 Locum
806 3517 894 3574 castri
924 3517 1033 3594 antiqui
1065 3517 1096 3574 in
1128 3513 1325 3595 Trimperc
1358 3521 1388 3576 et
1419 3521 1549 3576 moralem

171 3603 288 3662 totalem
312 3599 521 3680 Trimperc.
565 3595 1030 3686 Apudliluericbishusen
1052 3598 1089 3658 Vl
1111 3617 1246 3678 mansos,
1276 3617 1404 3680 quorum
1426 3598 1552 3678 quilibet

171 3687 256 3748 soluit
277 3684 300 3746 ll
324 3685 440 3748 modios
463 3684 601 3766 siliginis,
624 3681 636 3742 l
658 3681 787 3744 modium
811 3687 907 3762 tritici,
929 3702 1019 3746 unum
1041 3685 1164 3766 pullum,
1186 3684 1339 3766 lporcum
1355 3682 1551 3748 estimandum

170 3789 223 3850 pro
245 3769 298 3832 llll
320 3769 366 3834 sol
378 3817 386 3848 ,
409 3769 584 3834 dominicale
605 3764 716 3828 ibidem
728 3767 850 3829 soluens
872 3769 924 3830 XV
946 3769 1021 3849 sol,
1045 3769 1121 3834 duas
1144 3769 1249 3832 domos
1271 3769 1309 3832 ad
1330 3769 1381 3831 llll
1393 3770 1460 3847 sol,
1482 3773 1549 3849 pis·-

172 3862 278 3919 cartam
301 3858 469 3920 soluentem
491 3857 665 3935 septimanis
688 3851 815 3935 singulis
838 3853 873 3914 Vl
897 3854 977 3932 den,
999 3861 1104 3918 vineas
1117 3860 1197 3918 eirca
1218 3854 1551 3939 Xlllugerainleodata

173 3947 201 4001 et
229 3943 344 4021 soluta,
375 3947 499 4022 insuper
521 3937 675 4020 precarias
707 3945 738 3998 et
770 3937 826 4001 alia
858 3943 988 4001 seruitia.
1033 3939 1065 4001 ln
1096 3939 1400 4005 blabtolsbuseu
1434 3941 1550 4018 siluam,

172 4025 274 4089 xxxa
289 4045 402 4110 agros,
435 4026 475 4089 Χ]
507 4039 628 4088 mansos
651 4023 805 4086 soluentes
827 4031 938 4088 tanbrrn
960 4033 993 4087 ut
1015 4031 1150 4105 priores,
1183 4025 1360 4090 dominicale
1392 4023 1551 4088 soluensl

176 4113 324 4192 talentum,
347 4111 455 4176 xxxtt
476 4116 582 4194 iugera
605 4113 758 4171 uinearum
782 4110 934 4186 absoluta;
956 4115 1078 4192 insuper
1090 4111 1140 4174 Vll
1161 4117 1268 4193 iugera
1283 4112 1439 4175 infeudata.
1463 4109 1552 4192 Apud

198 4247 247 4286 ileu.
263 4246 314 4289 liele.
331 4247 373 4287 tor.
389 4245 473 4286 lxxiii.
489 4255 534 4290 nov,
549 4245 595 4284 ccli.
611 4244 632 4283 Χ.
1174 4195 1220 4268 34
1300 4273 1303 4278 .
