3774 4728
316 455 389 548 998
743 511 747 520 ·
898 453 1116 548 blonnmenla

314 693 374 738 non
397 690 537 760 gramme,
560 691 618 738 neo
640 673 769 755 aliquem
790 671 894 737 locere
917 680 983 738 sine
1005 691 1097 740 causa
1119 669 1288 739 rationabili
1310 671 1471 754 captiuari3
1505 677 1535 733 et
1565 673 1592 732 si
1624 667 1700 733 lorte

314 765 425 826 iniuste
454 770 597 846 grauaret
626 777 698 837 eos,
731 760 815 822 viiia
838 765 974 823 cnrronici
1002 761 1134 843 deputati
1168 760 1206 824 ab
1239 763 1382 841 episcopo
1415 758 1542 822 delatam
1578 757 1617 820 ad
1646 773 1700 820 eos

314 852 503 928 questionem
527 845 728 925 contuebimur,
759 852 785 908 si
808 854 967 928 poterunt,
998 848 1138 910 decident
1159 847 1238 909 inira
1260 851 1327 908 octo
1351 844 1426 908 dies.
1471 843 1558 918 Quoi
1587 848 1613 906 si
1642 861 1701 906 non

313 941 450 1014 possent,
473 951 529 997 nos
553 951 656 996 comcs
669 931 750 997 Her.
775 937 935 1013 assumptis
954 933 1050 1014 nobis,
1073 949 1270 1015 quoscunque
1281 932 1475 1010 voluerimus,
1497 935 1575 993 sicut
1590 947 1700 1010 supra-

315 1018 425 1082 dictum
450 1027 506 1099 est,
530 1019 585 1082 sub
609 1025 784 1097 iuramento,
806 1022 832 1080 si
854 1023 989 1100 requisiti
1013 1018 1167 1100 fuerimus,
1188 1021 1268 1082 omni
1283 1021 1397 1101 gracie,
1419 1016 1488 1079 oilie
1512 1023 1543 1079 et
1564 1020 1701 1098 captione

314 1110 438 1168 remotis
460 1110 555 1187 ipsam
584 1110 774 1186 questionem
803 1103 1027 1169 terminabimus
1054 1105 1131 1168 inira
1161 1121 1305 1170 mensem.
1349 1103 1386 1165 Et
1416 1108 1442 1166 si
1464 1101 1702 1180 decreuerimus‚

314 1191 396 1272 quod
418 1195 579 1277 episcopus
601 1195 709 1252 iniuste
732 1194 905 1272 grauauerit
925 1196 1008 1272 ipsos
1024 1196 1119 1271 ciues,
1142 1191 1278 1255 dominus
1292 1194 1453 1273 episcopus
1465 1187 1553 1252 huius
1566 1192 1702 1251 iniuriam

304 1283 344 1338 et
366 1295 532 1360 monumen
554 1293 703 1340 reuocare
725 1275 846 1338 debebit
867 1274 944 1340 inira
965 1275 1045 1339 Xllll
1066 1276 1140 1341 dics.
1185 1275 1271 1352 Quod
1293 1281 1319 1337 si
1342 1293 1401 1338 nun
1416 1275 1541 1354 iaceret,
1563 1279 1649 1337 ciues
1663 1273 1703 1336 de

311 1381 390 1444 penu
424 1361 550 1426 duorum
579 1363 691 1426 milium
722 1379 889 1425 marearum
923 1370 1010 1426 erunt
1040 1363 1217 1428 omnimodis
1249 1361 1395 1442 absoluti,
1435 1367 1564 1424 traotmu
1603 1367 1703 1424 tamen

313 1449 476 1512 concordie
500 1447 691 1512 nihilominus
712 1456 908 1530 permanente
929 1453 959 1513 in
981 1449 1120 1513 omnihus
1143 1449 1286 1529 articulis,
1308 1455 1340 1511 nt
1361 1452 1501 1530 superius
1522 1451 1703 1511 continetur.

312 1531 377 1598 fleo
411 1539 508 1598 omnia
541 1533 678 1598 dominus
711 1539 872 1618 episeopus
904 1551 938 1598 se
971 1543 1159 1600 seruaturum
1191 1539 1326 1620 pronusit
1359 1537 1390 1596 in
1423 1533 1560 1600 manibus
1590 1537 1703 1596 nostrie

313 1618 482 1684 seeundum
515 1619 596 1702 quod
624 1625 655 1682 in
684 1625 776 1702 priori
805 1625 1013 1704 conpositione
1035 1620 1072 1687 0.
1106 1622 1144 1685 de
1166 1621 1389 1686 Luterberc
1421 1618 1649 1684 archidiaconus
1671 1625 1702 1680 et

314 1704 347 1768 G.
371 1704 633 1770 reuerentior
656 1711 843 1788 portenarius
866 1708 1000 1770 ecclesie
1022 1706 1244 1790 herbipolensis
1265 1712 1352 1770 tactis
1368 1711 1570 1770 saerosanctis
1594 1723 1702 1770 ewen-

313 1793 403 1876 gellis
433 1796 462 1855 in
493 1797 589 1876 ipsius
622 1797 755 1874 episcopi
786 1796 930 1873 animam,
964 1793 1044 1875 quod
1078 1799 1178 1857 omnia
1208 1799 1355 1878 premissa
1384 1791 1551 1856 obseruare
1583 1790 1702 1872 debeat,

311 1883 498 1943 iurauerunt.
541 1877 580 1943 Et
599 1877 658 1942 heo
680 1883 778 1942 omnia
800 1885 859 1942 tam
882 1899 898 1942 a
921 1879 1068 1961 partibus,
1100 1897 1187 1962 quam
1220 1899 1236 1942 a
1270 1879 1357 1944 nobis
1388 1884 1456 1943 sine
1477 1883 1557 1943 omni
1581 1876 1651 1941 dolo
1672 1883 1704 1940 ct

314 1969 454 2046 ceptione
476 1964 587 2028 debent
608 1963 674 2028 ileri
696 1971 726 2028 et
748 1969 875 2028 seruari.
920 1965 952 2026 ln
976 1970 1062 2028 cuius
1094 1971 1139 2028 rei
1172 1965 1361 2028 euidenciam
1388 1971 1564 2047 presentem
1585 1965 1703 2026 literam

313 2049 464 2114 conscribi
486 2051 613 2114 lecimus
635 2058 666 2112 et
687 2050 853 2136 sigillorum
875 2049 985 2114 donum
1009 2055 1152 2134 episcopi,
1175 2071 1209 2114 ea
1231 2053 1315 2132 ituit,
1338 2057 1508 2116 nostrorum
1530 2050 1563 2115 L.
1586 2054 1704 2114 comitis

313 2133 353 2199 (le
366 2135 520 2201 llierreclre
543 2145 573 2201 et
584 2137 716 2200 Heinrici
738 2135 777 2200 de
788 2136 911 2201 Kastele
924 2141 1051 2217 comitis,
1072 2137 1121 2201 ΑΙ.
1138 2137 1176 2202 de
1217 2137 1337 2201 rinbere
1352 2143 1383 2200 et
1397 2142 1526 2201 ciuitatis
1540 2141 1703 2200 munimine

312 2220 458 2287 roborari.
503 2224 612 2288 Actum
633 2221 796 2307 llerbipoli,
820 2239 898 2287 anno
921 2220 1030 2286 domini
1053 2223 1101 2288 iir-
1122 2221 1190 2285 GC0·
1211 2221 1314 2304 ixia,
1337 2227 1425 2288 nonis
1448 2222 1598 2287 Octobris.
1709 2268 1712 2274 -

523 2393 706 2480 Appendent
725 2411 782 2459 sex
804 2395 903 2480 sigilla
926 2398 1031 2477 partlm
1054 2395 1137 2458 laesa
1143 2415 1153 2472 ;
1177 2395 1275 2480 sigilla
1298 2400 1414 2460 comitis
1437 2393 1470 2460 i.
1496 2393 1534 2458 de
1549 2393 1704 2460 ilieneehe

525 2487 556 2546 et
578 2485 695 2547 comitis
718 2479 859 2546 llennriei
882 2479 922 2544 de
944 2480 1067 2545 Kastele
1086 2485 1251 2564 perierunt.

522 2607 640 2674 uuum
660 2615 691 2674 in
712 2609 807 2696 J'ager
830 2607 1010 2675 Gescbiohte
1031 2607 1259 2678 Fraukenlands
1281 2609 1329 2676 iti.
1352 2630 1422 2699 pag.
1446 2610 1509 2678 423
1529 2611 1581 2678 Nr.
1606 2611 1701 2676 iiiii.

914 3027 1119 3112 coenni.

684 3233 776 3304 Anno
801 3234 904 3319 1262„
929 3233 979 3303 16.
1003 3237 1147 3320 ianuarii,
1170 3237 1333 3322 llerbipoli.

311 3419 433 3523 Buppo
475 3419 694 3524 praepositus
735 3429 877 3503 maioris
919 3427 1093 3504 ecclesiae
1134 3425 1386 3524 herbipolensis
1424 3443 1578 3504 mansum
1617 3419 1703 3498 aud

311 3525 533 3620 Eichesvolt,
557 3530 820 3626 praepositurae
846 3532 1058 3622 altmontem,
1085 3525 1256 3604 coenobio
1282 3531 1317 3602 in
1344 3527 1544 3625 Coeliporta
1569 3549 1612 3601 ee
1651 3537 1704 3604 ort

314 3630 390 3704 iure
416 3627 646 3705 haereditario
672 3629 916 3728 possidendum
926 3683 937 3724 ‚
937 3653 1047 3804 xpppa
1066 3632 1218 3802 pernitie
1245 3627 1358 3702 debita
1384 3639 1420 3703 et
1445 3639 1613 3705 consueta
1638 3627 1703 3704 sibi

916 3754 936 3805 e
1020 3751 1064 3803 en
1088 3755 1119 3803 a.

413 3899 564 4001 Boppo
592 3901 648 3978 dei
683 3906 801 4000 gracia
826 3905 1024 4001 prepositus
1064 3905 1204 3980 maioris
1246 3901 1400 3978 ecclesie
1437 3901 1701 3999 herbipolensis.

314 3999 439 4078 Notum
465 4025 548 4079 esse
573 4005 732 4080 uolumus
758 4003 915 4078 omnibns
942 4002 1031 4076 hanc
1043 4001 1193 4078 litteram
1204 4007 1424 4100 inspecturis,
1448 4004 1552 4104 quod,
1577 4025 1654 4075 carun
1671 4057 1701 4074 ..

315 4099 490 4181 abbatissa
506 4113 541 4180 et
557 4117 747 4183 conuentus
761 4103 897 4180 cenobii
914 4103 1155 4201 Geliporta
1182 4107 1347 4181 emissem
1362 4106 1448 4203 apud
1464 4103 1702 4180 Eichsuelt
