3838 4728
309 469 390 551 Μ
756 521 761 533 -
886 473 1112 550 llennmentn

306 673 380 762 Nos
405 680 438 751 in
466 674 701 751 certitudinem
718 675 972 770 resignationis
989 685 1034 750 et
1050 676 1267 774 rooepciouis
1283 671 1469 750 eorundem
1493 694 1557 772 per
1581 673 1692 770 ipsum
1757 745 1761 752 .

306 777 468 875 pupillum
494 787 531 850 ut
555 776 741 873 predicitur
764 775 1181 873 leoiendemmproprium
1203 786 1358 851 uestrum
1383 785 1532 850 menum
1556 769 1692 848 hish-

307 877 502 951 tcneclre
542 899 619 950 cum
657 879 730 952 suis
766 879 988 974 pertinenciis
1026 879 1200 955 uniuersis
1236 897 1313 954 vum
1342 897 1419 950 cum
1455 874 1528 948 lilio
1567 881 1692 947 nostro

309 977 467 1052 Gunrudo
501 977 544 1051 ed
575 999 695 1051 munus
731 977 916 1074 supradicti
949 977 1077 1051 domini
1101 980 1255 1076 episcopi
1279 979 1543 1073 reeigmuimns,
1567 975 1691 1070 resig-

311 1101 431 1156 nemus
457 1077 560 1168 idem,
598 1079 791 1174 recepimus
819 1088 856 1150 et
873 1080 1058 1173 recipimus
1083 1077 1127 1152 uh
1153 1077 1277 1154 eodem
1302 1080 1468 1175 episeopo
1494 1079 1530 1152 in
1555 1072 1698 1154 tectum

308 1182 449 1256 nomine
488 1176 582 1252 leodi
618 1176 885 1274 possidendum,
924 1180 994 1268 itu,
1033 1186 1074 1252 vt
1108 1177 1278 1254 antedicto
1313 1187 1428 1258 oestro
1463 1173 1700 1270 scammum

309 1302 374 1377 per
425 1287 651 1354 memoratum
690 1278 854 1374 pupillum
900 1279 1081 1374 resignato
1120 1281 1157 1354 in
1194 1277 1352 1370 feodum,
1388 1286 1427 1350 ut
1469 1297 1573 1374 supro
1612 1283 1696 1350 ten·-
1818 1347 1827 1354 .

311 1383 423 1474 gitur,
465 1389 630 1475 recepto,
666 1380 777 1476 ipsum
810 1387 966 1453 nostrum
1000 1388 1149 1453 cestrum
1181 1374 1476 1454 hiehteuehe
1512 1373 1556 1450 uh
1586 1395 1698 1451 onere

311 1479 407 1554 leodi
441 1483 576 1575 penitus
609 1479 798 1552 releuatum
838 1481 873 1554 in
905 1489 1061 1552 nostrum
1101 1487 1138 1552 et
1170 1487 1369 1555 nostrorum
1406 1475 1570 1552 heredum
1605 1497 1697 1573 pro·

310 1583 489 1677 prietatem
526 1583 704 1676 pristinem
737 1587 940 1652 reuertatur.
1005 1577 1045 1652 ln
1077 1577 1200 1653 horum
1248 1581 1496 1676 premissorum
1532 1579 1698 1654 testimo-

310 1683 403 1754 nium
428 1689 529 1776 utque
555 1679 765 1754 euideuciem
790 1679 983 1775 pleniorem
1006 1677 1096 1754 hemo
1132 1681 1291 1776 pepinum
1316 1687 1438 1756 nostro
1464 1687 1502 1752 et
1537 1675 1698 1775 preliheti

312 1779 374 1852 lilii
408 1782 520 1854 nostri
556 1779 680 1874 sigillis
716 1778 876 1854 duximus
913 1777 1154 1854 rohoreudum.
1213 1780 1336 1852 Datum
1368 1777 1567 1876 llerhipoli‚
1605 1798 1696 1851 enno

313 1875 772 1972 commilitonumve,
797 1883 832 1953 in
859 1887 982 1954 uotum
1008 1877 1173 1978 Stephurd
1197 1878 1496 1978 prothomartyris.

522 2075 702 2166 enecetur
721 2075 783 2146 duo
803 2077 914 2166 upote

887 2427 1132 2512 cotxmxt.

697 2631 789 2702 Anno
812 2629 917 2718 teet,
939 2631 969 2700 2.
993 2633 1135 2718 tenuerit,
1155 2631 1318 2722 llerhipolt

314 2819 498 2896 Bertoldus
524 2815 777 2918 herbipolensis
794 2823 978 2920 episcopus
993 2829 1216 2919 protestetur,
1242 2819 1333 2918 quod
1358 2829 1508 2898 cestrum
1530 2819 1700 2898 hiehten-

317 2919 405 2995 ecke
432 2920 474 2993 ab
500 2943 608 2996 onere
633 2921 727 2994 leodi
757 2921 948 2996 relevatum
984 2925 1020 2994 in
1052 2926 1298 3022 proprietatem
1322 2923 1499 3021 pristinem
1522 2921 1701 3000 metente

318 3017 361 3096 de
384 3021 568 3097 Hohenloh
592 3031 774 3096 revertere
810 3021 931 3117 dehet,
970 3032 1151 3122 postquem
1188 3033 1338 3098 cestrum
1364 3021 1597 3122 Sweinehurg
1634 3021 1705 3104 siti

637 3131 694 3196 eut
719 3127 919 3198 successori
944 3146 1008 3199 suo
1033 3123 1137 3200 luerit
1158 3128 1382 3222 resignatum.

418 3289 685 3386 hertoldus,
711 3291 766 3368 dei
780 3295 889 3388 gretie
899 3293 1153 3393 herbipolensis
1170 3300 1367 3396 episcopus,
1391 3305 1511 3394 putere
1536 3293 1699 3370 uolumus

318 3396 505 3484 uniuersis,
544 3404 613 3467 tum
649 3393 887 3492 presentibus,
924 3419 1033 3494 qurum
1050 3397 1185 3490 luituris,
1210 3397 1313 3494 quod,
1348 3399 1426 3493 quie
1450 3419 1517 3471 uos
1557 3394 1600 3470 nd
1636 3397 1705 3472 virt

319 3494 447 3570 nobilis
472 3495 714 3570 llruitonis
740 3493 783 3568 de
808 3495 1091 3590 llohiuloch‚
1127 3501 1250 3572 tutoris
1277 3495 1473 3571 Ovnrndi
1498 3495 1558 3571 lllli
1584 3517 1701 3596 quon-

321 3591 397 3669 dum
432 3593 625 3670 Ovorudi
661 3593 705 3668 de
736 3593 1050 3694 Booltisherg‚
1085 3619 1221 3672 necnon
1254 3599 1362 3694 ipsius
1387 3597 1446 3672 hlii
1485 3595 1604 3696 pupilli
1639 3601 1700 3671 iu-

321 3705 451 3770 etentes
476 3676 615 3792 preces,
651 3695 695 3770 de
721 3717 896 3772 consensu
920 3703 1030 3774 nostri
1057 3699 1215 3794 capituti,
1242 3697 1442 3773 doneuimus
1467 3701 1702 3796 improprium

322 3805 357 3868 et
382 3793 546 3871 donemus
573 3795 707 3872 dilectis
733 3799 768 3869 in
794 3796 931 3874 Christo
959 3855 968 3870 .
996 3855 1004 3871 .
1032 3855 1041 3874 .
1069 3798 1325 3872 commendatori
1352 3810 1387 3872 et
1410 3798 1553 3873 futrihus
1581 3798 1702 3872 domus

322 3893 572 3992 hospitalis
597 3900 633 3969 iu
658 3897 1042 3994 Wolleehiugen‚
1076 3907 1196 3972 nostre
1221 3899 1409 3996 dyocesis,
1445 3910 1594 3973 centnm
1619 3899 1704 3974 Bo-

324 3993 556 4091 okesherg
581 4017 657 4068 cunr
683 3995 882 4095 quibusdem
908 3997 1156 4089 conisterio,
1193 3999 1304 4074 eidem
1330 4010 1445 4076 cestro
1471 3999 1706 4092 attinentthum

324 4113 390 4190 pue
414 4097 451 4169 iu
475 4094 545 4171 ullo
570 4097 797 4174 instrumento
834 4119 941 4199 super
964 4103 1040 4198 ipse
1064 4097 1252 4178 heudone
1276 4100 1439 4179 confecto
1463 4099 1600 4201 plenius
1627 4109 1706 4179 emt
