3768 4728
316 431 386 506 292
870 427 1115 530 ¹lilouurnenta
1155 496 1159 508 .

315 639 415 697 monto
436 631 566 695 noluerit
588 629 725 692 obtinere
748 628 797 690 rol
819 627 901 692 salva
924 631 1110 692 conscientia
1131 645 1191 690 non
1213 625 1353 706 audebit,
1382 631 1544 711 episcopus
1575 629 1702 712 pacifice

316 717 490 802 possidebit.
537 716 567 778 Si
591 723 690 777 antem
713 731 816 776 comes
839 715 1006 800 legitimum
1025 713 1259 798 inpedimentum
1281 712 1429 794 babuerit,
1453 732 1513 795 quo
1530 719 1628 780 minus
1645 717 1703 779 boc

317 806 418 868 lacero
441 807 544 884 possit,
566 799 646 862 idern
670 800 759 862 saciet
780 819 858 863 unus
880 801 1008 863 filiorum
1030 816 1162 862 suorum.
1206 798 1271 862 Hoc
1292 807 1391 862 autern
1423 799 1566 863 dictante
1589 801 1703 865 festum

317 895 410 956 sancti
433 888 578 952 lobannis
601 886 733 968 baptiste
753 887 803 948 rel
823 891 854 948 in
876 891 943 973 ipso
965 885 1014 948 die
1036 903 1137 948 coram
1161 890 1302 967 episcopo
1324 885 1374 947 vel
1396 889 1572 956 euiscertis
1593 891 1703 951 nuntiis

316 983 393 1040 inter
414 975 516 1037 bure
539 979 570 1035 et
591 970 887 1051 blunricbistai‚
916 977 995 1046 omni
1027 969 1098 1034 dolo
1130 978 1161 1034 oi
1190 971 1294 1033 fraudo
1318 972 1461 1035 exclusis.
1505 971 1703 1054 Quocumque

317 1069 416 1126 autem
440 1059 489 1122 dle
511 1057 550 1120 de
571 1065 656 1139 parte
678 1062 793 1120 comitis
816 1057 906 1121 luerit
927 1062 1089 1120 intimatum
1111 1055 1316 1119 Ludewico
1347 1055 1386 1118 de
1414 1056 1610 1120 Noribelm
1623 1105 1633 1138 ,
1666 1059 1704 1122 ab

320 1165 358 1212 co
381 1145 491 1223 dicad
513 1142 579 1211 dies
599 1147 855 1225 octorecipietur
878 1150 908 1206 et
929 1141 1109 1224 prestatura
1131 1141 1189 1216 laco
1202 1147 1412 1220 iuramentum.
1434 1142 1539 1206 Protei·
1553 1148 1706 1226 premissa

319 1238 435 1312 omnia,
458 1247 518 1314 que
540 1236 664 1292 tractata
687 1237 755 1292 suut
776 1233 807 1292 in
829 1229 1042 1294 swinfurte
1074 1236 1103 1290 et
1134 1233 1281 1310 promissa
1313 1227 1351 1292 de
1381 1228 1571 1308 nemoribuS,
1606 1230 1704 1310 siluis,

318 1323 410 1404 agris,
433 1318 519 1379 cultis
541 1313 591 1377 vel
612 1313 741 1394 incultis,
765 1319 832 1379 siue
853 1320 884 1378 ln
906 1314 1143 1395 separationibus
1165 1314 1214 1377 vel
1237 1313 1492 1393 distinctionibus,
1522 1332 1582 1396 que
1612 1315 1706 1400 vulgo

318 1401 543 1484 sobidunge
566 1402 760 1486 appellamur,
784 1407 814 1464 et
836 1399 875 1462 de
898 1401 979 1488 aliis,
1009 1404 1039 1462 in
1062 1399 1170 1478 quibus
1193 1400 1331 1466 dominus
1355 1404 1515 1482 episcopus
1545 1400 1602 1464 sibl
1634 1401 1706 1464 dicit

318 1495 460 1568 comitem
481 1491 617 1550 iniuriari
638 1494 704 1550 etc
727 1504 876 1550 conuerso
900 1492 976 1550 sicut
999 1485 1038 1546 ilii
1061 1485 1170 1548 (lictum
1194 1491 1224 1548 ct
1247 1491 1400 1548 tractatum
1424 1491 1480 1566 est,
1503 1485 1705 1550 seruabantur

319 1584 350 1640 et
371 1573 616 1652 terminabuntur,
639 1573 829 1636 cessantibus
851 1571 919 1634 dolo
943 1580 970 1658 ei
985 1571 1097 1650 fraude,
1121 1577 1190 1634 ante
1213 1569 1322 1636 seslurn
1339 1576 1433 1634 sancti
1447 1569 1552 1636 iacobi
1567 1577 1706 1654 proximo

318 1681 398 1728 nunc
419 1667 577 1722 venturum
600 1676 638 1720 eo
662 1658 719 1736 die,
742 1675 963 1738 quanicumque
994 1661 1154 1737 episcopus
1184 1662 1284 1720 comiti
1315 1657 1352 1720 ad
1382 1657 1608 1738 quatuordecim
1639 1658 1706 1722 dies

320 1746 441 1810 duxerit
460 1741 675 1826 prefigendrrn.
719 1741 863 1824 Feodurn,
885 1743 966 1825 quod
988 1741 1089 1807 babuit
1112 1760 1215 1810 comes
1237 1741 1425 1817 liodricus
1447 1741 1486 1806 dc
1507 1741 1706 1808 llienecke

322 1833 403 1896 bone
419 1834 573 1907 memorie,
597 1827 716 1910 siquod
735 1827 1144 1914 concesseratWollramo
1159 1824 1421 1904 debellabaeb
1438 1835 1468 1892 et
1482 1827 1707 1892 Burclrardo

321 1917 360 1980 de
381 1916 407 1980 N
418 1915 617 1998 dtelingin
641 1913 777 1978 dominus
794 1919 955 1996 episcopus
978 1913 1203 1996 adpetitionem
1223 1921 1355 2000 nostram
1378 1917 1477 1978 comiti
1500 1920 1531 1976 et
1553 1911 1620 1980 bliis
1641 1918 1707 1980 suis

321 2001 470 2068 coacedet
492 2018 529 2064 co
551 2005 628 2078 iuro,
650 2005 729 2064 sicut
750 1999 851 2064 babuit
865 1990 945 2067 idem
967 2018 1070 2064 comes
1093 1995 1131 2062 de
1153 1997 1366 2078 Rienecke,
1390 2006 1517 2080 excepta
1533 2001 1601 2062 uilla
1615 1997 1708 2064 Hol-

321 2087 469 2152 derobo
493 2093 522 2148 ot
545 2084 659 2153 docimo
682 2089 775 2168 ipsius
797 2085 879 2166 uilio,
902 2105 990 2168 quam
1014 2083 1070 2158 sibi
1093 2083 1230 2150 dominus
1253 2091 1416 2168 episeopus
1450 2085 1489 2147 do
1521 2083 1709 2148 ordinatione

319 2181 423 2240 nostra
445 2179 475 2236 oi
496 2190 650 2234 consensu
670 2177 788 2236 combis
811 2175 979 2257 reservavit
1001 2178 1032 2236 et
1053 2175 1214 2254 episcopus
1230 2171 1297 2236 loco
1310 2169 1445 2236 eiusdem
1457 2169 1529 2234 uille
1543 2179 1572 2234 et
1588 2169 1708 2236 decime

320 2257 468 2324 concedet
489 2261 587 2320 corniii
612 2257 648 2320 ad
671 2262 889 2322 estimationem
911 2257 1046 2340 predicte
1069 2257 1139 2322 ullle
1162 2265 1192 2320 et
1213 2255 1291 2322 hanc
1314 2261 1530 2322 estimationem
1554 2262 1584 2320 et
1599 2262 1707 2344 assig-

319 2350 470 2412 nationem
491 2341 599 2407 lucient
622 2342 760 2408 dominus
783 2341 870 2407 Otto
891 2343 931 2406 de
952 2341 1180 2428 lieinmgen
1212 2351 1242 2408 et
1269 2342 1498 2406 Ludervicus
1530 2341 1569 2406 de
1590 2341 1707 2406 Nort-

319 2431 415 2496 heim
448 2448 502 2512 pro
524 2435 608 2512 parto
633 2433 785 2512 episcopi,
820 2437 848 2491 et
871 2423 1109 2493 Wollramns
1132 2435 1162 2492 et
1184 2427 1344 2514 bogeno
1376 2445 1432 2512 pro
1464 2434 1548 2512 parto
1577 2433 1707 2510 comitis,

321 2523 398 2582 sicui
419 2517 604 2600 cerboleuus
627 2523 672 2580 est
695 2533 891 2598 expressum,
923 2522 953 2578 et
981 2511 1127 2578 decimam
1149 2513 1228 2578 dicte
1258 2513 1330 2580 uille
1360 2533 1464 2578 comes
1491 2532 1548 2579 suo
1578 2512 1709 2578 redimet

322 2607 458 2688 argento.
505 2599 655 2666 Cacumen
678 2605 787 2665 montis
809 2605 841 2664 in
861 2592 1054 2683 Holdere,
1076 2600 1157 2682 quod
1180 2607 1279 2683 aptum
1303 2597 1408 2664 estad
1431 2606 1562 2663 castrum
1585 2598 1707 2662 iacien-

321 2687 399 2768 drm,
417 2690 522 2768 ,comiti
544 2703 598 2766 pro
621 2685 781 2750 medietate
808 2689 970 2768 eptscopus
1003 2685 1151 2752 concedet
1182 2703 1242 2750 nec
1263 2703 1365 2750 comes
1400 2704 1488 2750 usum
1519 2683 1639 2748 babebit
1668 2685 1707 2750 do

320 2780 384 2856 ipsa
407 2780 492 2854 parte
515 2788 571 2834 nec
593 2768 681 2834 alicui
704 2769 860 2851 concedet,
883 2790 940 2836 uec
963 2770 1123 2854 episcopus
1146 2779 1258 2855 partem
1281 2791 1384 2850 suam,
1408 2780 1455 2834 sei
1476 2787 1562 2834 usum
1583 2775 1705 2836 rusticis

319 2861 392 2924 uille
414 2856 561 2923 dimittent
583 2860 694 2936 quiete.
739 2853 803 2920 Hoc
825 2855 935 2920 lactum
959 2865 1024 2936 est,
1054 2876 1092 2919 ne
1125 2875 1211 2922 mons
1245 2857 1403 2940 abaliquo
1432 2855 1530 2920 ualeat
1564 2855 1707 2923 edificari.

322 2941 435 3008 Omnes
459 2946 568 3024 captiui
589 2941 626 3004 ab
649 2949 775 3022 utraque
797 2949 882 3023 parte
905 2951 964 3006 tam
986 2947 1119 3024 episcopi
1142 2961 1229 3023 quam
1252 2949 1367 3008 comilis
1391 2943 1571 3006 dimittentur
1590 2941 1707 3024 absque

322 3047 426 3106 mora,
458 3045 624 3110 omnesque
653 3025 847 3090 fideiussores
879 3027 938 3092 dati
968 3031 1108 3109 utrinque
1141 3027 1250 3092 debent
1283 3047 1354 3092 esse
1388 3027 1472 3092 liberi
1507 3033 1536 3090 et
1567 3027 1705 3092 absoluti.

321 3115 464 3178 Dominus
487 3119 649 3196 episcopus
668 3131 722 3194 per
745 3132 894 3197 guerram
917 3133 976 3177 non
997 3113 1140 3196 prestabit
1162 3115 1302 3178 auxilium
1330 3118 1428 3178 comiti
1451 3113 1644 3177 bertoldo
1668 3113 1706 3178 dc

321 3199 519 3264 Rieneclro
541 3205 688 3266 canonico
710 3197 921 3280 herbipolensi,
944 3207 1048 3266 contra
1069 3205 1217 3280 comitem,
1241 3203 1298 3264 nisi
1321 3200 1402 3282 quod
1424 3205 1480 3264 erit
1501 3197 1592 3263 iudex
1609 3218 1705 3282 equus

321 3291 468 3368 uirisque,
491 3291 516 3350 si
539 3303 594 3350 eos
617 3290 714 3349 amice
738 3303 797 3348 non
813 3290 941 3366 potuerit
965 3283 1162 3352 concordare.
1206 3285 1398 3352 Henricus
1421 3290 1564 3368 pincerna
1585 3283 1707 3348 babebit

323 3377 450 3458 gratiam
472 3375 599 3450 comitis,
621 3375 661 3436 ita
685 3369 765 3453 qnod
786 3375 916 3434 iuuicern
938 3376 996 3434 siut
1018 3372 1087 3433 boni
1110 3375 1195 3434 amici
1226 3380 1257 3434 et
1289 3371 1415 3454 dampna
1442 3369 1605 3434 hincinde
1628 3369 1706 3435 lacta

322 3464 425 3522 mutuo
465 3463 524 3521 sint
560 3456 668 3522 deleta.
720 3455 916 3538 Quacumque
947 3455 1079 3538 ,dampna
1113 3455 1281 3522 bominibus
1316 3459 1536 3544 episcopalibus
1574 3457 1707 3536 uasallis,

323 3543 565 3608 ministerialibus
598 3539 646 3607 vel
679 3541 881 3627 burgensibus
914 3543 950 3606 ab
973 3541 1142 3608 bominibus
1172 3548 1288 3608 comitis
1321 3551 1389 3608 sunt
1411 3543 1508 3622 illata,
1539 3560 1632 3624 super
1663 3545 1707 3606 cis

324 3646 427 3694 comes
450 3637 480 3692 et
501 3634 548 3700 sui
572 3628 607 3694 ab
633 3633 711 3692 omni
734 3633 912 3710 inpeticione
936 3633 1069 3710 episcopi
1093 3635 1123 3690 et
1145 3647 1268 3694 suorum
1284 3637 1352 3694 suni
1376 3627 1552 3694 ornuiruodis
1568 3627 1708 3708 absoluti,

322 3721 361 3780 ila
385 3715 650 3798 quodepiscopus
672 3720 735 3779 suis
759 3713 885 3797 dampna
916 3715 997 3777 illata
1019 3713 1181 3780 refundere
1202 3722 1355 3796 teneatur,
1389 3715 1543 3796 querelam
1573 3719 1708 3795 ipsorum

324 3799 470 3884 sopiendo
493 3801 658 3868 secundum
680 3819 735 3864 sue
756 3800 974 3881 beneplacitum
996 3801 1166 3866 uoluntatis.
1189 3797 1363 3866 Econuorso
1385 3819 1488 3864 comcs
1502 3797 1628 3884 dampna
1644 3803 1708 3864 suis

324 3888 404 3968 illata
426 3885 577 3950 tenebitur
588 3891 747 3965 resarcire,
770 3891 908 3967 quoniam
923 3884 1056 3948 homines
1071 3889 1204 3970 episcopi
1227 3885 1445 3965 suntabsolutl,
1468 3891 1554 3970 proni
1567 3890 1708 3968 superius

325 3980 370 4034 cst
393 3989 581 4052 expressum.
625 3971 656 4036 Si
691 3973 792 4036 forsan
823 3971 958 4034 homines
992 3975 1125 4054 episcopi
1158 3973 1206 4036 rel
1232 3971 1373 4046 ‚honines
1404 3977 1542 4054 comitis,
1575 3971 1709 4050 uassalli,

324 4057 545 4138 ministeriales,
567 4050 740 4143 burgenses
762 4065 792 4125 et
806 4057 856 4148 ¹alli
870 4075 926 4140 pro
941 4057 1052 4142 quibus
1066 4063 1195 4152 uterque
1210 4057 1396 4142 respondere
1407 4063 1535 4140 tenetur,
1558 4058 1710 4124 noluerint
