3776 4730
313 461 386 536 508
897 463 1116 538 Monumenta

314 666 452 734 sassent
477 685 496 734 a
523 663 658 752 diuinis,
685 672 720 734 et
744 685 763 734 a
788 662 889 735 nobis
905 686 981 735 cum
996 665 1161 738 instancia
1183 659 1430 760 postulassent,
1454 666 1493 730 vt
1507 652 1698 728 huiusmodi

314 763 514 852 societates,
541 785 689 858 corpora
715 766 789 835 siue
816 763 968 858 collegia
993 775 1160 860 tamquam
1188 763 1324 850 illicita,
1352 758 1418 830 deo
1445 767 1481 830 et
1503 753 1697 828 hominibus

314 864 470 952 inimica,
511 863 722 959 reprobare,
760 885 929 936 reuocare
967 887 1009 935 ac
1044 865 1170 937 toliere
1205 863 1432 956 dignaremur.
1485 855 1559 930 Nos
1582 859 1698 950 itaque

314 960 444 1033 crebris
472 973 506 1034 et
532 962 680 1036 assiduis
714 961 800 1035 oleri
827 973 861 1035 et
899 963 1015 1062 populi
1042 963 1268 1060 predictorum
1295 957 1520 1058 peticionibus
1548 955 1699 1028 inclinati

315 1064 515 1152 societates,
542 1087 690 1159 corpora
716 1065 792 1136 siue
818 1063 968 1160 collegia
982 1064 1186 1162 supradicta,
1213 1087 1279 1158 que
1302 1060 1479 1155 wigariter
1502 1055 1698 1154 sumpite

313 1173 571 1258 nuncupantur,
597 1163 716 1235 illicita
741 1167 1026 1260 pronunciamus,
1060 1187 1168 1260 caque
1203 1186 1248 1235 ex
1282 1182 1371 1234 nunc
1397 1159 1442 1231 de
1464 1179 1638 1232 consensu
1665 1165 1700 1226 et

314 1261 491 1334 voluntate
518 1263 655 1360 capituli
680 1266 791 1336 nostri
816 1264 1052 1362 reprobamus,
1078 1265 1230 1338 tollimus
1257 1273 1292 1334 et
1307 1261 1436 1356 absque
1454 1263 1545 1332 omni
1560 1267 1698 1330 retrac-

316 1365 445 1434 tatione
471 1374 637 1459 perpetuo
666 1385 880 1438 reuocamus.
933 1366 978 1438 Et
1003 1389 1047 1438 ne
1074 1366 1117 1438 de
1157 1375 1276 1438 cetero
1312 1363 1499 1436 societates
1532 1355 1699 1454 prelibato

315 1459 605 1556 redintegrentur,
630 1474 846 1536 resumantur
872 1467 976 1537 autin
991 1477 1190 1562 perpetuum
1210 1465 1431 1550 reuiuiscant,
1457 1460 1499 1532 de
1526 1479 1698 1531 consensu

211 1550 215 1568 ’
317 1571 351 1634 et
375 1562 553 1636 voluntate
579 1565 716 1660 capituli
740 1565 852 1636 nostri
887 1565 1029 1670 predicti
1064 1569 1240 1638 statuimus
1269 1573 1303 1636 et
1329 1561 1521 1649 firmamus,
1560 1581 1625 1631 nos
1665 1567 1700 1626 et

316 1673 456 1737 nostros
484 1686 711 1737 successores
737 1663 779 1736 ad
805 1663 872 1738 boc
897 1665 940 1738 de
968 1689 1140 1740 consensu
1157 1664 1310 1738 eiusdem
1323 1663 1433 1736 nostri
1450 1659 1587 1757 capituli
1604 1655 1698 1730 obii-

318 1773 464 1856 gautes,
503 1766 548 1834 ita
576 1774 715 1854 tamen,
755 1763 845 1860 quod
871 1763 1013 1840 effectus
1041 1765 1231 1842 huiusmodi
1258 1765 1489 1836 reuocationis
1524 1755 1701 1854 usquead

317 1863 441 1935 iestum
467 1859 557 1934 beati
582 1862 723 1936 Andree
749 1864 899 1960 apostoli
924 1868 1082 1961 proxime
1109 1877 1289 1938 venturum
1317 1871 1451 1936 maneat
1466 1864 1499 1932 in
1515 1880 1699 1956 suspenso.

320 1961 396 2049 Quo
423 1961 542 2058 elapso
569 1965 828 2038 reuocationem
853 1964 1046 2040 huiusmodi
1073 1990 1147 2038 cum
1165 1966 1287 2038 effectu
1310 1965 1527 2061 promisimus
1544 1957 1609 2031 fide
1626 1957 1702 2030 data

319 2061 361 2132 ad
402 2083 521 2135 manus
549 2066 777 2159 ..prepositi
812 2073 847 2136 et
874 2119 906 2136 ..
934 2065 1055 2139 decani
1095 2065 1233 2164 capituli
1265 2067 1376 2138 nostri
1415 2063 1553 2134 nomine
1594 2061 1700 2155 ipsius

321 2161 471 2258 capituli,
497 2171 532 2234 et
556 2184 618 2258 per
643 2174 825 2258 presentes
852 2169 1077 2261 promittimus
1096 2165 1270 2263 publicare
1294 2173 1502 2259 etquantum
1517 2179 1701 2256 possumus

323 2261 405 2334 dare
430 2283 571 2357 operam
599 2261 788 2356 efficacem,
813 2275 851 2338 ut
866 2288 1014 2362 corpora
1029 2270 1104 2342 siue
1119 2267 1283 2360 collegia,
1309 2261 1488 2360 dequibus
1506 2259 1702 2357 predicitur,

321 2361 564 2452 dissoluantur,
589 2361 796 2443 subicientes
823 2388 959 2438 exnunc
984 2369 1154 2440 ciuitatem
1167 2367 1443 2462 herbipolensem
1470 2361 1511 2433 de
1529 2381 1702 2434 consensu

319 2461 442 2560 prefati
479 2465 604 2536 nostri
630 2464 768 2561 capituli
802 2466 1042 2542 eeclesiastico
1080 2468 1286 2557 interdicto,
1325 2469 1355 2540 si
1389 2463 1509 2559 elapso
1547 2459 1702 2556 predicto

320 2559 461 2636 Andree
485 2561 576 2638 iesto
604 2568 792 2639 memorate
819 2569 1006 2642 societates
1039 2591 1109 2642 uon
1134 2568 1261 2642 fuerint
1286 2565 1464 2640 dissolute.
1516 2559 1554 2634 ln
1581 2583 1701 2633 omnes

320 2685 456 2758 quoque
482 2673 517 2735 et
542 2663 710 2758 singulos,
738 2669 795 2760 qui
819 2666 970 2762 prefatas
984 2671 1171 2742 societates
1192 2671 1266 2740 siue
1282 2666 1434 2760 collegia
1449 2661 1568 2735 illicita
1583 2671 1702 2732 contra

321 2766 587 2836 reuocacicnem
613 2775 766 2838 nostram
807 2767 928 2864 elapso
963 2767 1055 2842 iesto
1093 2771 1202 2842 sancti
1228 2765 1369 2841 Andree
1407 2763 1560 2861 predicto
1603 2783 1703 2833 manu

322 2873 454 2953 tenere,
480 2861 680 2955 defendere,
706 2867 758 2938 eis
774 2862 953 2958 adherere,
977 2871 1129 2966 ipsisque
1146 2879 1264 2944 utnon
1279 2865 1512 2942 dissoluantur
1528 2861 1703 2952 auxilium,

321 2963 515 3051 consilium,
541 2983 643 3060 cpern
668 2965 728 3037 vei
754 2987 895 3062 operam
919 2979 1077 3064 prestare
1093 2971 1376 3066 presumpserint,
1402 2987 1539 3040 cnunc
1553 2985 1702 3035 exeom-

319 3065 559 3136 'rnnnicationis
585 3068 796 3138 sentenciam
822 3067 1027 3163 proferimus
1054 3072 1088 3142 iu
1114 3070 1179 3144 biis
1207 3071 1369 3166 scriptis,
1403 3077 1439 3138 et
1462 3063 1702 3138 nichilominus

322 3187 459 3237 exnunc
483 3162 697 3237 interdictum
723 3170 869 3262 positum
896 3191 959 3265 per
985 3170 1073 3242 idem
1099 3171 1279 3268 capitulum
1305 3173 1341 3242 iu
1367 3165 1509 3240 eandem
1532 3167 1702 3238 ciuitatem

322 3263 384 3338 sub
426 3263 629 3337 condicione
666 3269 835 3361 premissa
871 3269 1087 3364 presentibus
1129 3271 1379 3344 confirmamus.
1438 3267 1476 3339 in
1517 3269 1613 3339 euius
1651 3269 1702 3337 rei

321 3367 551 3438 testimouium
589 3375 624 3438 et
656 3377 852 3464 perpetuam
892 3368 1083 3444 firmitatem
1122 3382 1304 3468 presentes
1339 3369 1474 3460 littere,
1511 3376 1633 3440 nostro
1668 3375 1704 3436 ot

322 3465 459 3562 capituli
483 3467 594 3538 nostri
621 3467 812 3558 sigillorum
839 3470 1106 3565 appensionibus
1133 3483 1211 3544 sunt
1236 3474 1374 3543 munite.
1426 3470 1514 3543 Auta
1541 3479 1620 3542 aunt
1640 3468 1703 3540 bec

321 3569 355 3638 in
383 3564 530 3663 capitulo
556 3575 677 3638 nostro
717 3589 807 3640 anno
841 3569 968 3643 domini
993 3571 1052 3644 ΜΟ·
1071 3569 1166 3643 ¹00⁰·
1195 3571 1287 3644 Lxx
1324 3593 1438 3663 norro,
1477 3573 1510 3641 iu
1552 3572 1700 3642 erastino

321 3665 513 3759 beurencii,
537 3663 751 3762 pontificatus
778 3674 888 3744 nostri
913 3693 1003 3746 anno
1029 3675 1157 3768 quinto.

529 3863 710 3949 Appendent
731 3867 790 3932 duo
813 3869 920 3954 sigilla.

532 3996 639 4062 Exstat
659 4003 872 4063 transsumtum
902 3999 988 4063 buius
1016 4004 1221 4081 instrumenti,
1254 4003 1334 4085 quod
1357 4001 1508 4085 Lupoidus
1542 4009 1702 4086 episcopus

531 4083 792 4170 babenbergensis
820 4085 1057 4180 adpetitionem
1089 4087 1208 4172 capituti
1236 4093 1358 4153 ardoris
1385 4091 1534 4154 ecciesiae
1556 4089 1702 4184 herbipo=
