3774 4728
317 441 392 522 420
895 438 1115 521 blonnmenta

315 647 482 728 assignatio
504 640 641 718 omuibus
664 639 807 721 patefiant
825 645 856 701 et
876 637 1052 716 secundum,
1075 634 1156 718 quod
1177 633 1298 718 expedit
1313 641 1418 698 nostre
1434 633 1567 700 ecclesie
1581 629 1703 699 etdicto

315 731 507 807 monasterio,
529 725 740 794 inuiolabiliter
763 722 975 808 obseruantur,
997 740 1126 806 presens
1149 727 1291 803 scriptum
1307 717 1443 784 dedimus
1456 717 1574 806 sigillis,
1598 723 1702 779 nostro

317 823 349 878 at
370 813 489 896 capituli
511 816 616 889 nostri,
639 810 764 886 hrnriter
785 815 1007 872 communitum.
1051 807 1157 871 Datum
1181 825 1257 870 anno
1273 805 1382 868 domini
1395 803 1598 882 blGGLXllll,
1621 801 1702 864 duo-

317 899 435 964 decimo
456 897 601 962 kalendas
618 895 760 981 Augusti,
782 893 944 960 indictione
965 894 1037 974 vii,
1059 891 1248 976 pontificatus
1271 895 1363 954 nostrl
1386 909 1464 953 anno
1485 887 1657 953 undecimo.

523 1043 704 1127 Appeudenl
725 1041 785 1108 duo
808 1043 917 1129 sigilla,
939 1061 1066 1126 quorum
1087 1046 1214 1125 primurn
1236 1041 1362 1104 fractum
1385 1044 1442 1102 est.

525 1156 642 1223 Editum
664 1159 695 1220 in
717 1155 830 1241 laeger
854 1154 1033 1223 Goschiuhtc
1055 1153 1282 1232 Frapkenlands
1303 1151 1351 1218 111.
1373 1171 1403 1234 p.
1425 1145 1490 1216 428
1510 1150 1562 1216 llr.
1584 1147 1666 1216 ΗΧ..

530 1268 557 1347 ¹)
578 1270 634 1334 llic
656 1270 763 1336 lacuna
784 1287 840 1354 pre
861 1267 1025 1334 inserendo
1047 1271 1168 1332 nonrine
1189 1265 1369 1332 abbatissae.

907 1667 1112 1745 cobbxlv.

780 1871 870 1936 Anno
895 1865 1052 1951 1265.„t
1074 1867 1239 1936 Februarii.

321 2058 536 2133 Hermannus
562 2074 680 2128 cemos
706 2051 750 2127 do
775 2054 917 2129 llastele
944 2065 980 2128 et
1005 2052 1134 2152 Sophia
1159 2075 1249 2126 uxor
1275 2053 1349 2126 eius
1376 2052 1539 2126 decimam
1566 2051 1705 2125 invilla

321 2156 567 2254 Ergershoim,
600 2176 687 2250 quae
722 2153 765 2227 de
799 2177 900 2229 manu
924 2155 1030 2250 lringi
1069 2156 1222 2250 episcopi
1247 2152 1500 2250 herbipolensis
1538 2155 1573 2224 in
1598 2151 1704 2224 leode

321 2255 541 2356 procedebat,
567 2253 720 2331 eiusdem
747 2277 920 2330 consensu
945 2254 1107 2328 iratribus
1133 2251 1253 2327 domus
1278 2253 1457 2351 hospitalis
1484 2252 1520 2327 S.
1538 2250 1705 2324 lobannis

321 2362 356 2432 in
381 2353 610 2430 Wirnebureh
636 2353 809 2446 vendunt,
844 2353 962 2429 dantes
996 2359 1031 2427 in
1056 2363 1247 2428 restaurem
1273 2357 1438 2450 episeopo
1465 2353 1582 2426 villam
1608 2373 1705 2424 suam

321 2459 494 2556 propriam
521 2453 692 2548 Gerutha,
726 2457 824 2528 sitam
852 2453 915 2528 sub
942 2455 1064 2531 eastris
1089 2453 1254 2544 llastele,
1292 2453 1373 2530 loco
1411 2451 1565 2527 decimae
1597 2451 1707 2526 villae

699 2553 923 2650 Ergershoim
947 2558 982 2628 in
1008 2554 1112 2630 leudo
1139 2551 1337 2628 habendam.

423 2725 497 2801 Nos
522 2725 800 2800 Hermannus
834 2747 952 2804 comes
987 2735 1023 2797 at
1049 2723 1217 2821 Sophia
1258 2727 1332 2798 cius
1367 2727 1494 2798 coniux
1529 2725 1706 2796 comitissa

324 2825 368 2900 do
390 2825 577 2900 Kastole
602 2835 719 2901 notum
757 2823 900 2898 iacimus
936 2827 1109 2899 uniuersis
1148 2823 1245 2898 huius
1278 2829 1403 2922 pagine
1441 2822 1708 2921 inspectoribus,

325 2923 435 3022 quod,
471 2947 546 3018 cum
579 2923 790 2998 venerabilis
816 2924 971 2998 dominus
996 2933 1117 2997 noster
1141 2921 1326 3018 lringus
1363 2927 1546 3021 episcopus
1585 2922 1706 2996 berbi-

323 3023 479 3122 polensis
503 3021 603 3098 nobis
629 3023 854 3116 indulsisset,
879 3023 968 3120 quod
994 3023 1159 3096 decimam
1185 3026 1219 3096 in
1245 3025 1329 3097 villa
1353 3023 1646 3118 Ergersheim
1673 3031 1710 3096 et

325 3125 458 3199 decime
483 3126 671 3214 attinentia,
697 3146 762 3218 quo
788 3123 831 3196 da
857 3147 959 3196 manu
974 3147 1036 3197 sua
1050 3121 1259 3220 procedebat
1283 3127 1317 3198 in
1331 3123 1450 3215 feodo,
1476 3123 1708 3196 venderemus

325 3223 486 3299 iratribus
513 3221 634 3298 domus
659 3222 839 3320 hospitalis
866 3227 975 3298 saneti
1000 3223 1220 3297 lobannis
1253 3228 1288 3296 in
1313 3222 1635 3315 Wiraaburch,
1673 3233 1711 3296 et

325 3327 402 3421 ipse
427 3321 570 3396 eandem
596 3321 759 3395 decimam
800 3334 835 3396 et
874 3323 1006 3396 decime
1043 3327 1217 3396 attinentia
1257 3325 1408 3396 dedisset
1449 3325 1491 3396 de
1533 3345 1710 3398 consensu

329 3423 466 3521 capituli
492 3425 545 3497 sui
571 3422 669 3496 dictis
695 3421 854 3498 iratribus
882 3435 916 3497 et
942 3423 1055 3496 domui
1080 3423 1258 3520 hospitalis
1284 3429 1319 3497 in
1344 3427 1608 3520 proprietatem,
1641 3445 1708 3496 nos

328 3521 447 3596 villam
461 3532 613 3596 nostram
628 3527 799 3620 propriam
816 3521 937 3596 dietam
955 3521 1156 3598 Gerutho
1172 3527 1270 3597 sitam
1293 3523 1354 3600 sub
1371 3527 1493 3598 eastris
1509 3523 1709 3616 Kastele,

329 3627 518 3698 estimatum
545 3624 581 3698 in
604 3623 826 3718 prouentibus
852 3627 949 3698 annis
977 3623 1122 3718 singulis
1159 3619 1202 3696 ad
1234 3623 1293 3696 XL
1319 3623 1446 3698 talenta
1480 3623 1711 3714 denariorum,

328 3721 482 3798 manibus
509 3720 707 3796 coadunatis
733 3722 887 3798 dedimus
925 3722 1015 3796 dieto
1051 3723 1187 3796 domino
1223 3727 1389 3822 episeopo
1414 3723 1649 3820 herbipolensi
1675 3733 1711 3795 et

330 3823 403 3898 suo
420 3821 572 3896 ecclesio
597 3825 633 3895 in
656 3833 860 3914 restaurem,
884 3834 922 3894 ut
947 3826 1021 3918 ipsa
1045 3823 1129 3896 villa
1155 3825 1235 3896 loco
1262 3823 1395 3897 decime
1419 3823 1709 3918 villeErgers-

329 3922 443 3995 heim
470 3931 505 3994 et
530 3925 739 3996 attinentium
759 3922 922 3996 habeatur
947 3925 981 3994 in
1006 3921 1121 3995 lcodo.
1173 3923 1285 4022 Super
1311 3947 1375 4020 qua
1391 3925 1575 3997 donatione
1590 3933 1710 3996 nostra

329 4043 476 4119 presens
503 4023 663 4122 scriptum
691 4021 843 4098 dedimus
868 4021 958 4096 dieto
986 4021 1123 4100 domino
1149 4027 1313 4137 episcopo
1351 4035 1386 4098 et
1410 4024 1561 4098 ecclesie
1586 4022 1707 4097 herbl-
