3838 4728
321 416 393 495 oet
656 487 660 494 .
904 415 1121 491 Monumenta

318 614 410 688 hona
436 613 500 686 sibi
527 625 562 688 et
587 617 659 689 suis
684 611 866 688 heredibus
894 615 1028 688 anchis
1054 619 1089 688 in
1104 614 1208 689 leudo
1230 618 1373 710 recepit,
1399 626 1522 711 petens
1536 627 1702 690 ctatten-

318 719 385 788 tius
412 717 578 789 inuocans
603 725 757 788 nostrum
784 736 992 800 consensum
1029 715 1204 788 donationi
1230 737 1294 790 seu
1318 713 1485 809 legationi
1511 713 1704 792 huiusmodi

321 814 492 904 adhiberi,
526 813 703 908 dictosque
729 837 871 888 mansos
908 838 927 886 a
964 815 1065 890 nohis
1103 815 1175 888 dari
1210 817 1245 886 in
1281 819 1454 910 proprium
1492 821 1704 890 monasterio

320 914 528 1010 supradicto,
586 914 659 988 Nos
696 920 810 1010 itaque
847 914 1007 1009 precibus
1045 915 1168 1012 prelati
1200 913 1444 988 Bertholdi
1479 914 1714 990 fauorabilius,

320 1025 523 1106 annuentes,
547 1037 684 1088 necnon
709 1018 744 1088 in
770 1013 907 1088 domino
935 1015 1160 1106 confidentes,
1185 1037 1256 1091 non
1280 1018 1391 1090 minus
1411 1015 1706 1112 promouentihus,

320 1136 419 1209 qnam
445 1114 647 1188 facientibus
676 1137 782 1210 opera
807 1118 956 1209 pietatis,
983 1127 1179 1188 eternorum
1205 1117 1345 1210 premiis
1372 1116 1589 1210 responderi,
1621 1139 1706 1212 pre-

320 1215 431 1288 dictos
458 1226 603 1308 quatuor
628 1235 769 1289 mansos
795 1213 979 1288 liberamus
1008 1227 1042 1288 et
1068 1215 1198 1288 liberos
1213 1215 1354 1287 dicimus
1382 1238 1401 1286 a
1422 1217 1495 1287 iure
1511 1216 1706 1289 collationis

319 1315 426 1405 feodi,
453 1314 543 1410 quod
567 1313 667 1389 nobis
693 1317 728 1387 in
755 1313 885 1388 eisdem
913 1327 1100 1412 conpetere
1126 1313 1325 1405 uidebatur,
1364 1317 1530 1410 ipsosque
1566 1338 1707 1390 mansos

321 1437 396 1486 cnm
433 1418 647 1510 pertinentiis
688 1419 759 1490 suis
796 1414 1061 1511 quibuscumque
1103 1414 1235 1511 prelato
1270 1418 1481 1488 monasterio
1518 1415 1635 1489 damus
1675 1419 1709 1488 in

319 1517 506 1610 proprium,
531 1518 606 1588 iure
632 1517 847 1611 meriproprii
872 1526 1038 1612 perpetuo
1066 1514 1307 1610 possidendos.
1346 1514 1471 1590 Testes
1500 1527 1626 1606 antem,
1653 1519 1709 1610 qni

320 1618 499 1710 premissis
524 1615 750 1687 interfuerunt
776 1625 854 1689 sunt
877 1615 935 1706 hii,
960 1615 1145 1689 videlicet:
1172 1614 1337 1690 Alhertus
1365 1625 1485 1689 noster
1512 1615 1708 1712 prothono-

320 1719 441 1804 tarius,
455 1715 636 1788 Heinricns
646 1713 986 1788 Wolnoldusnoster
1000 1718 1219 1804 camerarius,
1236 1713 1456 1788 Woluelinus
1472 1714 1514 1788 de
1527 1715 1707 1788 Grunbach

321 1816 467 1902 milites,
494 1825 528 1886 et
563 1815 680 1911 plures
707 1815 765 1886 alii
804 1813 870 1887 lide
900 1815 1003 1908 digni.
1055 1816 1094 1888 ln
1132 1814 1250 1888 horum
1293 1817 1442 1888 omnium
1477 1826 1708 1911 protectorum

321 1918 553 1990 testimonium
593 1969 623 1986 ..
659 1912 771 1986 abbati
810 1925 845 1986 et
883 1919 1065 1987 conuentui
1104 1917 1283 1986 memorati
1325 1917 1525 1988 monasterii
1562 1938 1708 2012 presens

323 2019 483 2110 scriptum
511 2013 583 2086 dari
608 2015 772 2105 fecimus,
804 2019 915 2088 nostri
951 2015 1056 2110 sigilli
1083 2018 1266 2086 munimine
1293 2018 1534 2086 conmunitum.
1587 2018 1710 2090 Datum

320 2113 498 2210 Herbipoli
524 2136 612 2188 anno
640 2115 766 2186 domini
791 2113 1009 2187 MCCLXXX
1036 2117 1158 2210 primo,
1185 2113 1258 2186 Vl⁰·
1274 2111 1440 2188 kalendas
1458 2115 1564 2206 lunii,
1590 2119 1708 2212 ponti·

321 2213 440 2288 linctus
466 2217 576 2288 nostri
602 2236 690 2286 anno
718 2218 874 2310 septimo.

456 2491 460 2504 Ι
535 2413 670 2497 Sigillum
694 2413 809 2476 laesum
833 2411 991 2496 appendet.

964 2863 1074 2938 cDLl.

818 3064 906 3127 Anno
931 3059 1033 3144 1281,
1057 3059 1107 3128 30.
1131 3061 1209 3126 lulli.

323 3247 501 3323 Oonradns
527 3247 662 3337 licere,
689 3248 796 3322 dictus
825 3248 1049 3340 Gellerarius,
1076 3257 1111 3319 ct
1136 3249 1247 3338 lutto,
1273 3267 1362 3319 uxor
1389 3249 1515 3344 ipsius,
1541 3251 1707 3342 magistro

323 3349 508 3444 Gregorio,
535 3349 660 3421 domini
686 3367 794 3446 papae
822 3349 1002 3445 capellano
1029 3359 1066 3422 et
1092 3347 1332 3420 archidiacono
1359 3345 1592 3443 herbipolensi
1611 3371 1709 3422 ven-

536 3449 617 3522 dunt
642 3454 769 3523 curiam
796 3469 892 3525 suum
918 3453 953 3522 in
979 3452 1150 3545 superiori
1175 3448 1259 3520 villa
1283 3445 1489 3521 Bleichvelt

424 3617 450 3692 l.
478 3643 512 3692 n.
541 3619 572 3692 d.
601 3644 631 3692 a.
682 3622 785 3694 Anno
821 3619 950 3694 domini
983 3619 1166 3692 millesimo
1195 3616 1276 3690 000·
1306 3617 1457 3692 LXXX0·
1485 3622 1617 3714 primo,
1652 3617 1707 3694 lll.

324 3719 668 3814 lalandasAngnsti,
692 3743 758 3796 nos
778 3717 1010 3794 Corradus
1032 3719 1196 3808 lloene,
1223 3717 1331 3792 dictus
1349 3717 1648 3812 Oellernrius,
1675 3729 1709 3793 ct

324 3819 461 3911 lutta,
486 3841 580 3894 vxor
604 3823 724 3916 ipsius,
749 3830 866 3894 notum
880 3819 1023 3892 facimus
1049 3819 1223 3892 uniuersis
1239 3827 1420 3914 presentes
1435 3819 1555 3894 literas
1565 3823 1709 3918 inspec-

324 3923 431 4010 turis,
469 3919 561 4014 qnod
598 3923 773 3994 constituti
805 3923 841 3994 in
866 3923 1048 4015 presencia
1075 3915 1201 3990 domini
1237 3918 1442 4010 Rudolii,
1481 3917 1641 3996 officialis
1675 3930 1709 3994 et

325 4019 501 4092 scolastici
526 4017 792 4116 herbipolensis,
819 4029 854 4092 et
879 4023 1016 4093 testium
1043 4016 1313 4116 subscriptorum
1339 4017 1381 4092 ad
1417 4018 1484 4094 hoc
1511 4021 1707 4116 specialiter
