3768 4728
642 383 859 478 episcopatus
887 380 1179 476 wirziburgensis.
1526 377 1595 456 321

219 583 353 679 capituli
377 581 488 655 nostri
513 583 696 656 munimine
715 583 743 678 ⁸)
769 582 977 657 roboratum.
1014 585 1137 659 Actum
1164 605 1253 656 anno
1281 581 1407 655 domini
1432 582 1493 657 ΜΟ·
1508 580 1603 656 00⁰·

217 681 299 755 xio-
340 693 473 804 porario,
499 685 534 754 in
558 707 679 758 menso
705 685 911 778 Decembri,
936 685 1122 758 indictione
1149 682 1218 777 lll,
1245 686 1464 782 episcopatus
1490 683 1606 760 nostri

220 807 305 858 anno
330 805 512 860 vicesimo.

424 985 549 1050 Exstant
571 985 630 1049 duo
654 987 845 1068 exemplaria.
895 983 919 1062 ¹)
943 987 979 1050 ll:
1003 985 1169 1067 „lleillre“,
1206 981 1233 1063 ²)
1262 985 1337 1050 inB
1371 985 1480 1050 desunt
1508 985 1601 1049 verba

423 1073 484 1154 „de
507 1079 600 1136 nostri
622 1072 741 1154 capituli
764 1079 947 1136 conscientia
971 1081 1000 1136 et
1035 1073 1178 1152 fauore“,
1210 1071 1238 1150 3)
1261 1071 1301 1134 B:
1325 1072 1531 1152 „Hermannus
1565 1070 1603 1132 de

424 1158 706 1237 Swartzenbercb“,
733 1153 761 1234 ⁴)
783 1163 813 1220 in
838 1159 859 1220 B
882 1159 991 1222 desunt
1015 1157 1122 1222 rerba:
1145 1165 1200 1240 „et
1222 1160 1341 1240 capituli
1363 1159 1488 1222 nostri“.

422 1257 469 1323 Ex
497 1262 526 1324 A
559 1262 734 1342 appendent
760 1261 858 1344 sigilla
891 1259 1049 1325 Hermanni
1083 1267 1115 1324 et
1147 1259 1282 1344 capituli;
1316 1260 1339 1324 B
1372 1261 1461 1325 babet
1490 1265 1602 1323 tanturn

421 1344 552 1432 sigillum
573 1345 732 1412 Hermanni
757 1351 899 1428 episcopi.

796 1769 1023 1851 cdlxxxv.

585 1957 673 2024 Anno
698 1954 801 2040 1245,
825 1956 854 2022 7.
877 1957 1041 2038 Februarii,
1065 1953 1227 2042 Herbipoli.

214 2137 426 2218 Hermanuus
453 2143 707 2240 herbipolensis
734 2151 918 2242 episcopus
936 2143 1329 2218 medietatembonorum
1356 2145 1390 2214 in
1417 2138 1597 2215 Etheleibe

213 2239 325 2320 bonae
350 2249 537 2318 memoriae
564 2249 678 2318 comiti
706 2245 821 2320 Ottoni
861 2247 904 2320 de
929 2246 1167 2320 Botenlonben
1202 2267 1264 2340 pro
1304 2253 1436 2314 centurn
1473 2247 1596 2315 marcis

214 2350 346 2440 argenti
373 2350 638 2441 assignatorum,
665 2369 684 2418 a
710 2347 812 2420 vidua
838 2350 970 2442 ipsius,
995 2345 1101 2418 nobili
1128 2355 1281 2418 mairona
1307 2343 1467 2415 Beatrice
1493 2347 1596 2438 qoin-

584 2451 744 2544 quaginta
769 2451 893 2520 marcis
921 2449 1056 2542 argenti
1082 2447 1241 2520 absolvit.

338 2619 372 2684 H.
392 2620 445 2692 ¹dai
468 2625 563 2703 gratia
584 2618 804 2701 herbipolensis
829 2625 997 2700 opiscopus.
1042 2618 1187 2679 Nouorint
1209 2619 1339 2677 uniuersi
1362 2614 1449 2676 troius
1469 2618 1596 2694 inspee-

211 2712 304 2784 toras‚
327 2707 407 2788 quod
430 2725 496 2768 cnm
519 2707 596 2769 bona
619 2715 720 2770 nostra
743 2711 774 2768 in
795 2707 864 2769 villa
886 2704 1118 2782 Eibeleibe,
1154 2701 1191 2765 ad
1220 2700 1270 2764 iii
1294 2700 1408 2764 modios
1438 2704 1469 2762 ia
1501 2704 1596 2763 tritico

212 2799 242 2854 ot
262 2793 398 2876 siligine,
428 2793 467 2855 ad
489 2793 544 2855 llll
567 2791 683 2856 modios
705 2811 824 2873 auena,
859 2793 896 2855 ad
929 2791 965 2852 Vl
988 2791 1095 2854 ialenta
1116 2787 1308 2853 denariorum
1336 2786 1417 2848 bone
1452 2791 1596 2848 meritorie

212 2883 312 2943 comiti
335 2877 473 2943 Ottoui
494 2878 532 2942 de
554 2878 834 2942 Botealouben
855 2897 909 2960 pro
926 2883 1046 2940 centnm
1058 2879 1166 2938 marcis
1183 2877 1310 2956 ergenii,
1334 2871 1419 2934 nobis
1434 2875 1596 2954 peripsum

212 2965 342 3028 nobilem
364 2969 513 3044 molestie,
537 2964 593 3026 sub
617 2963 711 3027 lorrna
733 2972 803 3026 tnnc
827 2968 967 3046 temporis
993 2967 1070 3024 inter
1094 2979 1149 3024 nos
1173 2965 1331 3040 cor‘rcepia,
1363 2963 1513 3042 assignata
1537 2957 1595 3018 ab-

211 3050 331 3114 soluere
353 3053 569 3132 cogitaramus,
592 3053 806 3134 quinquaginta
827 3065 943 3112 marcas
966 3051 1101 3132 argenti,
1138 3063 1212 3126 quas
1238 3043 1328 3106 viduo
1362 3047 1456 3125 ipsius
1487 3042 1595 3105 nobilis

211 3131 355 3212 dedimus,
378 3133 566 3196 medietatem
590 3135 736 3197 bonorum
759 3135 933 3196 eorumdem
956 3141 1025 3216 aput
1036 3139 1131 3212 ipsam
1150 3128 1268 3192 viduam
1283 3129 1412 3192 nobilem
1427 3135 1594 3192 matronam

211 3219 428 3284 beatricem
451 3221 650 3300 absolnimus,
680 3225 894 3302 proprietatem
915 3224 1006 3301 pariis
1029 3219 1152 3281 alterius
1174 3221 1307 3297 ipsorum
1328 3213 1491 3294 bonorum,
1518 3218 1543 3276 si
1579 3231 1596 3274 a

209 3311 345 3386 proximo
367 3305 445 3368 festo
465 3305 574 3368 blathie
597 3307 725 3388 apostoli
753 3306 790 3368 ad
814 3313 940 3387 quatuor
971 3321 1064 3368 annos
1097 3323 1163 3366 eam
1196 3319 1255 3364 non
1276 3301 1478 3379 absoluimus,
1513 3298 1593 3360 dicte

210 3399 344 3455 matrone
366 3392 457 3454 nobili
478 3391 694 3473 relinquentes.
737 3392 774 3454 Ei
800 3400 833 3454 ut
860 3390 1028 3473 superbiis
1052 3390 1125 3454 nulli
1147 3387 1268 3451 dubium
1300 3391 1432 3465 oriatur,
1463 3403 1592 3466 presens

211 3481 352 3560 scriptum
373 3477 510 3540 dedimus
539 3479 629 3562 sigilli
651 3483 744 3542 nostri
766 3483 925 3542 munimine
955 3477 1137 3540 roboratum.
1180 3473 1287 3536 Datum
1315 3471 1484 3553 llcrbipoli,
1516 3487 1595 3532 anno

211 3559 319 3626 doudni
341 3563 380 3628 ii.
403 3562 460 3627 CC.
482 3561 588 3644 xiv„
610 3563 669 3632 vti.
691 3563 758 3627 idus
788 3561 963 3644 Februarii,
986 3561 1147 3625 indictione
1170 3559 1251 3640 lll··,
1285 3563 1475 3640 episcopatus
1499 3559 1591 3620 nostri

211 3665 286 3714 anno
308 3653 463 3715 vicesimo.

421 3822 516 3909 sigilli
539 3819 737 3906 fragmentum
760 3825 909 3903 superesi.

417 3941 536 4007 Ediium
559 3949 587 4006 in
610 3941 722 4028 daeger
745 3939 923 4004 Gescbicbte
944 3935 1168 4002 Franlrenlands
1199 3935 1245 4000 lll.
1275 3955 1303 4019 p.
1326 3933 1398 4002 399.
1421 3936 1472 4002 Nr.
1495 3937 1593 4002 xnvi.

422 4035 452 4092 et
471 4035 504 4093 in
524 4027 685 4094 Becbstcin
707 4025 886 4093 Gescbichte
908 4025 969 4090 und
991 4022 1136 4090 Gediebie
1160 4030 1217 4088 etc.
1241 4043 1269 4107 p.
1297 4021 1367 4088 152.
1389 4023 1441 4088 Nr.
1465 4020 1516 4087 31.

239 4155 290 4201 me
304 4157 358 4200 aare
375 4157 418 4200 rer.
431 4157 517 4200 mm.
532 4167 578 4200 nov.
593 4158 640 4198 cerr.
655 4155 678 4198 n
1331 4111 1376 4185 41
