<?xml version="1.0" encoding="UTF-8"?>
<!DOCTYPE html PUBLIC "-//W3C//DTD XHTML 1.0 Transitional//EN"
    "http://www.w3.org/TR/xhtml1/DTD/xhtml1-transitional.dtd">
<html xmlns="http://www.w3.org/1999/xhtml" xml:lang="en" lang="en">
 <head>
  <title>
</title>
<meta http-equiv="Content-Type" content="text/html;charset=utf-8" />
  <meta name='ocr-system' content='tesseract 3.04.00' />
  <meta name='ocr-capabilities' content='ocr_page ocr_carea ocr_par ocr_line ocrx_word'/>
</head>
<body>
  <div class='ocr_page' id='page_1' title='image "./monumentaboica00karagoog_0583.png"; bbox 0 0 3838 4728; ppageno 0'>
   <div class='ocr_carea' id='block_1_1' title="bbox 623 477 1615 615">
    <p class='ocr_par' dir='ltr' id='par_1_1' title="bbox 623 477 1615 615">
     <span class='ocr_line' id='line_1_1' title="bbox 623 477 1615 615; baseline 0.004 -28"><span class='ocrx_word' id='word_1_1' title='bbox 623 477 628 486; x_wconf 20' lang='lat' dir='ltr'>f</span> <span class='ocrx_word' id='word_1_2' title='bbox 661 499 882 615; x_wconf 81' lang='lat' dir='ltr'>episcopatus</span> <span class='ocrx_word' id='word_1_3' title='bbox 907 511 1204 612; x_wconf 75' lang='lat' dir='ltr'>wirziburgensis.</span> <span class='ocrx_word' id='word_1_4' title='bbox 1544 513 1615 592; x_wconf 77' lang='lat'>571</span> 
     </span>
    </p>
   </div>
   <div class='ocr_carea' id='block_1_2' title="bbox 641 709 1305 1034">
    <p class='ocr_par' dir='ltr' id='par_1_2' title="bbox 641 709 1305 1034">
     <span class='ocr_line' id='line_1_2' title="bbox 663 709 1027 824; baseline 0 -2"><span class='ocrx_word' id='word_1_5' title='bbox 663 709 669 721; x_wconf 87' lang='lat'>&#39;</span> <span class='ocrx_word' id='word_1_6' title='bbox 831 740 1027 824; x_wconf 79' lang='lat' dir='ltr'>ouum.</span> 
     </span>
     <span class='ocr_line' id='line_1_3' title="bbox 641 909 1305 1034; baseline -0.003 -22"><span class='ocrx_word' id='word_1_7' title='bbox 641 946 733 1012; x_wconf 79' lang='lat' dir='ltr'>Anno</span> <span class='ocrx_word' id='word_1_8' title='bbox 757 940 862 1032; x_wconf 72' lang='lat' dir='ltr'>iuss,</span> <span class='ocrx_word' id='word_1_9' title='bbox 884 945 914 1016; x_wconf 87' lang='grc'>6.</span> <span class='ocrx_word' id='word_1_10' title='bbox 938 945 1029 1031; x_wconf 84' lang='lat' dir='ltr'>lunii,</span> <span class='ocrx_word' id='word_1_11' title='bbox 1050 945 1212 1034; x_wconf 90' lang='lat' dir='ltr'>llerhlpuli.</span> <span class='ocrx_word' id='word_1_12' title='bbox 1304 909 1305 913; x_wconf 7' lang='grc' dir='ltr'><strong>Ἰ</strong></span> 
     </span>
    </p>
   </div>
   <div class='ocr_carea' id='block_1_3' title="bbox 230 1127 1617 1538">
    <p class='ocr_par' dir='ltr' id='par_1_3' title="bbox 230 1127 1617 1234">
     <span class='ocr_line' id='line_1_4' title="bbox 230 1127 1617 1234; baseline 0.003 -32"><span class='ocrx_word' id='word_1_13' title='bbox 230 1127 436 1206; x_wconf 79' lang='lat' dir='ltr'>berthuldus</span> <span class='ocrx_word' id='word_1_14' title='bbox 463 1127 718 1230; x_wconf 78' lang='lat' dir='ltr'>herbipolensis</span> <span class='ocrx_word' id='word_1_15' title='bbox 745 1135 930 1234; x_wconf 88' lang='lat' dir='ltr'>episeopus</span> <span class='ocrx_word' id='word_1_16' title='bbox 955 1137 1178 1234; x_wconf 76' lang='lat' dir='ltr'>pronunciat,</span> <span class='ocrx_word' id='word_1_17' title='bbox 1212 1129 1302 1230; x_wconf 85' lang='lat' dir='ltr'>quod</span> <span class='ocrx_word' id='word_1_18' title='bbox 1334 1127 1394 1206; x_wconf 88' lang='lat' dir='ltr'>illa</span> <span class='ocrx_word' id='word_1_19' title='bbox 1420 1139 1553 1230; x_wconf 88' lang='lat' dir='ltr'>septem</span> <span class='ocrx_word' id='word_1_20' title='bbox 1581 1135 1617 1206; x_wconf 84' lang='lat' dir='ltr'>et</span> 
     </span>
    </p>

    <p class='ocr_par' dir='ltr' id='par_1_4' title="bbox 231 1229 1616 1327">
     <span class='ocr_line' id='line_1_5' title="bbox 231 1229 1616 1327; baseline 0.001 -23"><span class='ocrx_word' id='word_1_21' title='bbox 231 1229 402 1306; x_wconf 87' lang='lat' dir='ltr'>dimidium</span> <span class='ocrx_word' id='word_1_22' title='bbox 428 1235 549 1327; x_wconf 87' lang='lat' dir='ltr'>iugera</span> <span class='ocrx_word' id='word_1_23' title='bbox 577 1233 756 1306; x_wconf 85' lang='lat' dir='ltr'>vinearum</span> <span class='ocrx_word' id='word_1_24' title='bbox 779 1235 813 1308; x_wconf 90' lang='lat' dir='ltr'>in</span> <span class='ocrx_word' id='word_1_25' title='bbox 839 1247 956 1312; x_wconf 86' lang='lat' dir='ltr'>munte</span> <span class='ocrx_word' id='word_1_26' title='bbox 970 1233 1140 1310; x_wconf 88' lang='lat' dir='ltr'>Altenber</span> <span class='ocrx_word' id='word_1_27' title='bbox 1167 1238 1300 1308; x_wconf 85' lang='lat' dir='ltr'>eiuxte</span> <span class='ocrx_word' id='word_1_28' title='bbox 1325 1231 1443 1308; x_wconf 83' lang='lat' dir='ltr'>villam</span> <span class='ocrx_word' id='word_1_29' title='bbox 1471 1231 1616 1308; x_wconf 81' lang='lat' dir='ltr'>Abuserr</span> 
     </span>
    </p>

    <p class='ocr_par' dir='ltr' id='par_1_5' title="bbox 231 1328 1613 1538">
     <span class='ocr_line' id='line_1_6' title="bbox 231 1328 1613 1430; baseline 0.001 -25"><span class='ocrx_word' id='word_1_30' title='bbox 231 1335 309 1426; x_wconf 83' lang='lat' dir='ltr'>sita,</span> <span class='ocrx_word' id='word_1_31' title='bbox 334 1355 421 1430; x_wconf 82' lang='lat' dir='ltr'>quae</span> <span class='ocrx_word' id='word_1_32' title='bbox 447 1331 616 1430; x_wconf 86' lang='lat' dir='ltr'>quondam</span> <span class='ocrx_word' id='word_1_33' title='bbox 631 1328 822 1428; x_wconf 76' lang='lat' dir='ltr'>haroldus,</span> <span class='ocrx_word' id='word_1_34' title='bbox 850 1335 955 1412; x_wconf 89' lang='lat' dir='ltr'>abhas</span> <span class='ocrx_word' id='word_1_35' title='bbox 974 1339 1175 1410; x_wconf 78' lang='lat' dir='ltr'>monaster-ui</span> <span class='ocrx_word' id='word_1_36' title='bbox 1199 1333 1495 1430; x_wconf 80' lang='lat' dir='ltr'>halsbrunnensis,</span> <span class='ocrx_word' id='word_1_37' title='bbox 1511 1355 1613 1408; x_wconf 89' lang='lat' dir='ltr'>oom-</span> 
     </span>
     <span class='ocr_line' id='line_1_7' title="bbox 289 1431 1558 1538; baseline 0.002 -33"><span class='ocrx_word' id='word_1_38' title='bbox 289 1440 484 1532; x_wconf 76' lang='lat' dir='ltr'>pardverut‚</span> <span class='ocrx_word' id='word_1_39' title='bbox 510 1433 552 1506; x_wconf 90' lang='lat' dir='ltr'>ab</span> <span class='ocrx_word' id='word_1_40' title='bbox 579 1435 731 1510; x_wconf 87' lang='lat' dir='ltr'>eeclesia</span> <span class='ocrx_word' id='word_1_41' title='bbox 757 1435 991 1538; x_wconf 87' lang='lat' dir='ltr'>herbipolensi</span> <span class='ocrx_word' id='word_1_42' title='bbox 1018 1435 1116 1511; x_wconf 85' lang='lat' dir='ltr'>titulo</span> <span class='ocrx_word' id='word_1_43' title='bbox 1142 1435 1237 1510; x_wconf 87' lang='lat' dir='ltr'>ieudl</span> <span class='ocrx_word' id='word_1_44' title='bbox 1261 1457 1331 1510; x_wconf 90' lang='lat' dir='ltr'>nun</span> <span class='ocrx_word' id='word_1_45' title='bbox 1357 1431 1558 1536; x_wconf 83' lang='lat' dir='ltr'>procedunt.</span> 
     </span>
    </p>
   </div>
   <div class='ocr_carea' id='block_1_4' title="bbox 216 1603 1616 3812">
    <p class='ocr_par' dir='ltr' id='par_1_6' title="bbox 216 1603 1616 3812">
     <span class='ocr_line' id='line_1_8' title="bbox 249 1603 1613 1709; baseline 0 -31"><span class='ocrx_word' id='word_1_46' title='bbox 249 1639 253 1653; x_wconf 93' lang='lat'><strong>·</strong></span> <span class='ocrx_word' id='word_1_47' title='bbox 293 1653 297 1662; x_wconf 79' lang='lat'><em>,</em></span> <span class='ocrx_word' id='word_1_48' title='bbox 327 1603 616 1682; x_wconf 85' lang='lat' dir='ltr'>lierthuldus</span> <span class='ocrx_word' id='word_1_49' title='bbox 643 1605 698 1679; x_wconf 92' lang='lat' dir='ltr'>dei</span> <span class='ocrx_word' id='word_1_50' title='bbox 724 1610 842 1701; x_wconf 60' lang='lat' dir='ltr'>maela</span> <span class='ocrx_word' id='word_1_51' title='bbox 866 1605 1119 1704; x_wconf 72' lang='lat' dir='ltr'>herbipolensis</span> <span class='ocrx_word' id='word_1_52' title='bbox 1128 1610 1330 1709; x_wconf 81' lang='lat' dir='ltr'>episeopus.</span> <span class='ocrx_word' id='word_1_53' title='bbox 1381 1606 1440 1679; x_wconf 77' lang='lat' dir='ltr'>Ad</span> <span class='ocrx_word' id='word_1_54' title='bbox 1463 1611 1613 1680; x_wconf 82' lang='lat' dir='ltr'>uniuer-</span> 
     </span>
     <span class='ocr_line' id='line_1_9' title="bbox 227 1707 1614 1809; baseline -0.001 -29"><span class='ocrx_word' id='word_1_55' title='bbox 227 1724 358 1798; x_wconf 82' lang='lat' dir='ltr'>sorum,</span> <span class='ocrx_word' id='word_1_56' title='bbox 383 1718 453 1780; x_wconf 86' lang='lat' dir='ltr'>tam</span> <span class='ocrx_word' id='word_1_57' title='bbox 477 1709 710 1804; x_wconf 74' lang='lat' dir='ltr'>phasahelum,</span> <span class='ocrx_word' id='word_1_58' title='bbox 735 1729 834 1804; x_wconf 87' lang='lat' dir='ltr'>quam</span> <span class='ocrx_word' id='word_1_59' title='bbox 857 1707 1155 1806; x_wconf 80' lang='lat' dir='ltr'>postfuturorum,</span> <span class='ocrx_word' id='word_1_60' title='bbox 1170 1711 1332 1782; x_wconf 87' lang='lat' dir='ltr'>notluiam</span> <span class='ocrx_word' id='word_1_61' title='bbox 1358 1711 1511 1804; x_wconf 86' lang='lat' dir='ltr'>uupimus</span> <span class='ocrx_word' id='word_1_62' title='bbox 1525 1727 1614 1809; x_wconf 82' lang='lat' dir='ltr'>puu-</span> 
     </span>
     <span class='ocr_line' id='line_1_10' title="bbox 229 1806 1613 1906; baseline 0.004 -28"><span class='ocrx_word' id='word_1_63' title='bbox 229 1809 370 1898; x_wconf 77' lang='lat' dir='ltr'>uuniru‚</span> <span class='ocrx_word' id='word_1_64' title='bbox 408 1807 500 1902; x_wconf 83' lang='lat' dir='ltr'>quud</span> <span class='ocrx_word' id='word_1_65' title='bbox 536 1807 670 1903; x_wconf 75' lang='lat' dir='ltr'>grimm</span> <span class='ocrx_word' id='word_1_66' title='bbox 708 1807 751 1880; x_wconf 86' lang='lat' dir='ltr'>sd</span> <span class='ocrx_word' id='word_1_67' title='bbox 785 1813 898 1883; x_wconf 88' lang='lat' dir='ltr'>nestri</span> <span class='ocrx_word' id='word_1_68' title='bbox 933 1812 1150 1906; x_wconf 66' lang='lat' dir='ltr'>prusensis!</span> <span class='ocrx_word' id='word_1_69' title='bbox 1175 1811 1357 1883; x_wconf 75' lang='lat' dir='ltr'>vementes</span> <span class='ocrx_word' id='word_1_70' title='bbox 1383 1806 1484 1884; x_wconf 82' lang='lat' dir='ltr'>nohis</span> <span class='ocrx_word' id='word_1_71' title='bbox 1509 1807 1613 1883; x_wconf 82' lang='lat' dir='ltr'>uulda</span> 
     </span>
     <span class='ocr_line' id='line_1_11' title="bbox 226 1907 1616 2006; baseline 0.002 -28"><span class='ocrx_word' id='word_1_72' title='bbox 226 1910 399 1981; x_wconf 75' lang='lat' dir='ltr'>euredum</span> <span class='ocrx_word' id='word_1_73' title='bbox 423 1907 638 2000; x_wconf 77' lang='lat' dir='ltr'>retuderunt,</span> <span class='ocrx_word' id='word_1_74' title='bbox 670 1907 761 2006; x_wconf 86' lang='lat' dir='ltr'>quud</span> <span class='ocrx_word' id='word_1_75' title='bbox 786 1909 848 1984; x_wconf 82' lang='lat' dir='ltr'>illa</span> <span class='ocrx_word' id='word_1_76' title='bbox 872 1920 1007 2006; x_wconf 82' lang='lat' dir='ltr'>septem</span> <span class='ocrx_word' id='word_1_77' title='bbox 1027 1921 1069 1983; x_wconf 83' lang='lat' dir='ltr'>¹et</span> <span class='ocrx_word' id='word_1_78' title='bbox 1093 1908 1265 1982; x_wconf 74' lang='lat' dir='ltr'>hminum</span> <span class='ocrx_word' id='word_1_79' title='bbox 1290 1911 1475 1982; x_wconf 74' lang='lat' dir='ltr'>unaarum·</span> <span class='ocrx_word' id='word_1_80' title='bbox 1494 1911 1616 2003; x_wconf 81' lang='lat' dir='ltr'>iugera</span> 
     </span>
     <span class='ocr_line' id='line_1_12' title="bbox 226 2007 1615 2106; baseline 0.003 -28"><span class='ocrx_word' id='word_1_81' title='bbox 226 2007 268 2078; x_wconf 76' lang='lat' dir='ltr'>ia</span> <span class='ocrx_word' id='word_1_82' title='bbox 301 2017 421 2083; x_wconf 69' lang='lat' dir='ltr'>mute</span> <span class='ocrx_word' id='word_1_83' title='bbox 445 2008 742 2102; x_wconf 77' lang='lat' dir='ltr'>Altuuharge·</span> <span class='ocrx_word' id='word_1_84' title='bbox 772 2009 867 2084; x_wconf 84' lang='lat' dir='ltr'>iuxta</span> <span class='ocrx_word' id='word_1_85' title='bbox 906 2007 1027 2084; x_wconf 83' lang='lat' dir='ltr'>villam</span> <span class='ocrx_word' id='word_1_86' title='bbox 1051 2007 1233 2086; x_wconf 84' lang='lat' dir='ltr'>Abusen</span> <span class='ocrx_word' id='word_1_87' title='bbox 1259 2011 1337 2102; x_wconf 79' lang='lat' dir='ltr'>utu,</span> <span class='ocrx_word' id='word_1_88' title='bbox 1361 2009 1615 2106; x_wconf 52' lang='lat' dir='ltr'>,aqum</span> 
     </span>
     <span class='ocr_line' id='line_1_13' title="bbox 225 2105 1612 2206; baseline 0.004 -26"><span class='ocrx_word' id='word_1_89' title='bbox 225 2105 465 2184; x_wconf 63' lang='lat' dir='ltr'>liodoldus</span> <span class='ocrx_word' id='word_1_90' title='bbox 491 2109 598 2184; x_wconf 83' lang='lat' dir='ltr'>abhas</span> <span class='ocrx_word' id='word_1_91' title='bbox 624 2113 826 2189; x_wconf 84' lang='lat' dir='ltr'>monasterii</span> <span class='ocrx_word' id='word_1_92' title='bbox 852 2107 1273 2203; x_wconf 79' lang='lat' dir='ltr'>halsbrunaausis‚</span> <span class='ocrx_word' id='word_1_93' title='bbox 1311 2105 1441 2184; x_wconf 79' lang='lat' dir='ltr'>erd&#39;ruit</span> <span class='ocrx_word' id='word_1_94' title='bbox 1466 2121 1612 2206; x_wconf 69' lang='lat' dir='ltr'>opsten-</span> 
     </span>
     <span class='ocr_line' id='line_1_14' title="bbox 226 2209 1615 2306; baseline 0.004 -28"><span class='ocrx_word' id='word_1_95' title='bbox 226 2211 367 2299; x_wconf 89' lang='lat' dir='ltr'>eieusis‚</span> <span class='ocrx_word' id='word_1_96' title='bbox 392 2211 533 2284; x_wconf 88' lang='lat' dir='ltr'>nomine</span> <span class='ocrx_word' id='word_1_97' title='bbox 559 2213 667 2306; x_wconf 88' lang='lat' dir='ltr'>ipsius</span> <span class='ocrx_word' id='word_1_98' title='bbox 693 2215 894 2286; x_wconf 82' lang='lat' dir='ltr'>monasterii</span> <span class='ocrx_word' id='word_1_99' title='bbox 928 2234 1014 2306; x_wconf 87' lang='lat' dir='ltr'>erga</span> <span class='ocrx_word' id='word_1_100' title='bbox 1039 2211 1298 2286; x_wconf 87' lang='lat' dir='ltr'>lleinrieum</span> <span class='ocrx_word' id='word_1_101' title='bbox 1333 2209 1458 2282; x_wconf 86' lang='lat' dir='ltr'>dietum</span> <span class='ocrx_word' id='word_1_102' title='bbox 1477 2210 1615 2304; x_wconf 63' lang='lat' dir='ltr'>dedet</span> 
     </span>
     <span class='ocr_line' id='line_1_15' title="bbox 225 2307 1614 2408; baseline 0.004 -29"><span class='ocrx_word' id='word_1_103' title='bbox 225 2311 335 2382; x_wconf 89' lang='lat' dir='ltr'>uiuum</span> <span class='ocrx_word' id='word_1_104' title='bbox 361 2307 652 2406; x_wconf 80' lang='lat' dir='ltr'>herbipolensem,</span> <span class='ocrx_word' id='word_1_105' title='bbox 679 2318 848 2407; x_wconf 69' lang='lat' dir='ltr'>umquam</span> <span class='ocrx_word' id='word_1_106' title='bbox 885 2313 920 2384; x_wconf 90' lang='lat' dir='ltr'>iu</span> <span class='ocrx_word' id='word_1_107' title='bbox 946 2311 1079 2384; x_wconf 77' lang='lat' dir='ltr'>cultura</span> <span class='ocrx_word' id='word_1_108' title='bbox 1105 2310 1272 2384; x_wconf 80' lang='lat' dir='ltr'>derelicta</span> <span class='ocrx_word' id='word_1_109' title='bbox 1297 2319 1333 2383; x_wconf 88' lang='lat' dir='ltr'>et</span> <span class='ocrx_word' id='word_1_110' title='bbox 1358 2309 1513 2387; x_wconf 88' lang='lat' dir='ltr'>desolata</span> <span class='ocrx_word' id='word_1_111' title='bbox 1539 2331 1614 2408; x_wconf 68' lang='lat' dir='ltr'>&#39;pru</span> 
     </span>
     <span class='ocr_line' id='line_1_16' title="bbox 225 2407 1614 2506; baseline 0.001 -24"><span class='ocrx_word' id='word_1_112' title='bbox 225 2411 347 2494; x_wconf 76' lang='lat' dir='ltr'>viginti</span> <span class='ocrx_word' id='word_1_113' title='bbox 373 2407 470 2484; x_wconf 90' lang='lat' dir='ltr'>libris</span> <span class='ocrx_word' id='word_1_114' title='bbox 496 2408 699 2484; x_wconf 87' lang='lat' dir='ltr'>hallensium</span> <span class='ocrx_word' id='word_1_115' title='bbox 726 2421 762 2482; x_wconf 89' lang='lat' dir='ltr'>et</span> <span class='ocrx_word' id='word_1_116' title='bbox 795 2420 940 2506; x_wconf 86' lang='lat' dir='ltr'>quatuor</span> <span class='ocrx_word' id='word_1_117' title='bbox 965 2411 1098 2485; x_wconf 87' lang='lat' dir='ltr'>maltris</span> <span class='ocrx_word' id='word_1_118' title='bbox 1134 2411 1284 2505; x_wconf 80' lang='lat' dir='ltr'>siliginis</span> <span class='ocrx_word' id='word_1_119' title='bbox 1306 2430 1362 2484; x_wconf 71' lang='lat' dir='ltr'>uu</span> <span class='ocrx_word' id='word_1_120' title='bbox 1419 2421 1553 2502; x_wconf 81' lang='lat' dir='ltr'>ararat,</span> <span class='ocrx_word' id='word_1_121' title='bbox 1592 2435 1614 2484; x_wconf 87' lang='lat' dir='ltr'>a</span> 
     </span>
     <span class='ocr_line' id='line_1_17' title="bbox 223 2507 1610 2607; baseline 0.003 -27"><span class='ocrx_word' id='word_1_122' title='bbox 223 2508 326 2585; x_wconf 90' lang='lat' dir='ltr'>uubis</span> <span class='ocrx_word' id='word_1_123' title='bbox 351 2507 585 2606; x_wconf 74' lang='lat' dir='ltr'>procederent</span> <span class='ocrx_word' id='word_1_124' title='bbox 609 2507 707 2582; x_wconf 85' lang='lat' dir='ltr'>titula</span> <span class='ocrx_word' id='word_1_125' title='bbox 745 2509 895 2602; x_wconf 73' lang='lat' dir='ltr'>laudun,</span> <span class='ocrx_word' id='word_1_126' title='bbox 934 2532 1000 2586; x_wconf 91' lang='lat' dir='ltr'>nus</span> <span class='ocrx_word' id='word_1_127' title='bbox 1038 2514 1153 2607; x_wconf 81' lang='lat' dir='ltr'>itaque</span> <span class='ocrx_word' id='word_1_128' title='bbox 1188 2510 1255 2585; x_wconf 92' lang='lat' dir='ltr'>hiis</span> <span class='ocrx_word' id='word_1_129' title='bbox 1293 2510 1394 2583; x_wconf 85' lang='lat' dir='ltr'>relati</span> <span class='ocrx_word' id='word_1_130' title='bbox 1417 2532 1458 2586; x_wconf 91' lang='lat' dir='ltr'>us</span> <span class='ocrx_word' id='word_1_131' title='bbox 1492 2533 1610 2584; x_wconf 90' lang='lat' dir='ltr'>aurem</span> 
     </span>
     <span class='ocr_line' id='line_1_18' title="bbox 223 2607 1611 2706; baseline 0.003 -26"><span class='ocrx_word' id='word_1_132' title='bbox 223 2607 361 2682; x_wconf 86' lang='lat' dir='ltr'>iuuilem</span> <span class='ocrx_word' id='word_1_133' title='bbox 377 2608 577 2684; x_wconf 76' lang='lat' dir='ltr'>adhibentes</span> <span class='ocrx_word' id='word_1_134' title='bbox 593 2608 915 2702; x_wconf 83' lang='lat' dir='ltr'>Reiuhardum‚</span> <span class='ocrx_word' id='word_1_135' title='bbox 941 2619 1096 2686; x_wconf 88' lang='lat' dir='ltr'>austrum</span> <span class='ocrx_word' id='word_1_136' title='bbox 1120 2612 1302 2702; x_wconf 78' lang='lat' dir='ltr'>notariam,</span> <span class='ocrx_word' id='word_1_137' title='bbox 1318 2610 1410 2706; x_wconf 86' lang='lat' dir='ltr'>Rap</span> <span class='ocrx_word' id='word_1_138' title='bbox 1421 2621 1611 2703; x_wconf 84' lang='lat' dir='ltr'>otonem,</span> 
     </span>
     <span class='ocr_line' id='line_1_19' title="bbox 219 2708 1609 2808; baseline 0 -24"><span class='ocrx_word' id='word_1_139' title='bbox 219 2709 400 2784; x_wconf 72' lang='lat' dir='ltr'>scultetum</span> <span class='ocrx_word' id='word_1_140' title='bbox 425 2719 580 2786; x_wconf 87' lang='lat' dir='ltr'>nostrum</span> <span class='ocrx_word' id='word_1_141' title='bbox 605 2711 641 2783; x_wconf 88' lang='lat' dir='ltr'>iu</span> <span class='ocrx_word' id='word_1_142' title='bbox 665 2708 917 2785; x_wconf 85' lang='lat' dir='ltr'>Ohsenvurt</span> <span class='ocrx_word' id='word_1_143' title='bbox 941 2711 1085 2784; x_wconf 89' lang='lat' dir='ltr'>mihtem</span> <span class='ocrx_word' id='word_1_144' title='bbox 1110 2721 1146 2784; x_wconf 89' lang='lat' dir='ltr'>et</span> <span class='ocrx_word' id='word_1_145' title='bbox 1170 2709 1428 2808; x_wconf 82' lang='lat' dir='ltr'>lliubuliam</span> <span class='ocrx_word' id='word_1_146' title='bbox 1454 2720 1609 2786; x_wconf 90' lang='lat' dir='ltr'>uestrum</span> 
     </span>
     <span class='ocr_line' id='line_1_20' title="bbox 220 2809 1610 2907; baseline -0.001 -22"><span class='ocrx_word' id='word_1_147' title='bbox 220 2813 424 2907; x_wconf 74' lang='lat' dir='ltr'>episomam,</span> <span class='ocrx_word' id='word_1_148' title='bbox 472 2809 513 2883; x_wconf 90' lang='lat' dir='ltr'>ad</span> <span class='ocrx_word' id='word_1_149' title='bbox 560 2811 682 2884; x_wconf 87' lang='lat' dir='ltr'>dietam</span> <span class='ocrx_word' id='word_1_150' title='bbox 721 2811 839 2889; x_wconf 88' lang='lat' dir='ltr'>villum</span> <span class='ocrx_word' id='word_1_151' title='bbox 881 2809 1068 2889; x_wconf 79' lang='lat' dir='ltr'>Abusen</span> <span class='ocrx_word' id='word_1_152' title='bbox 1109 2813 1264 2886; x_wconf 87' lang='lat' dir='ltr'>misimus</span> <span class='ocrx_word' id='word_1_153' title='bbox 1304 2809 1526 2906; x_wconf 76' lang='lat' dir='ltr'>indagaturus</span> <span class='ocrx_word' id='word_1_154' title='bbox 1566 2810 1610 2884; x_wconf 91' lang='lat' dir='ltr'>de</span> 
     </span>
     <span class='ocr_line' id='line_1_21' title="bbox 218 2903 1609 3008; baseline 0.002 -26"><span class='ocrx_word' id='word_1_155' title='bbox 218 2913 303 3006; x_wconf 90' lang='lat' dir='ltr'>ipsis</span> <span class='ocrx_word' id='word_1_156' title='bbox 342 2908 507 2986; x_wconf 86' lang='lat' dir='ltr'>relatibus</span> <span class='ocrx_word' id='word_1_157' title='bbox 547 2915 737 2986; x_wconf 82' lang='lat' dir='ltr'>ueritatem.</span> <span class='ocrx_word' id='word_1_158' title='bbox 799 2903 930 3001; x_wconf 80' lang='lat' dir='ltr'>Quibus</span> <span class='ocrx_word' id='word_1_159' title='bbox 973 2913 1117 2987; x_wconf 87' lang='lat' dir='ltr'>eundem</span> <span class='ocrx_word' id='word_1_160' title='bbox 1155 2910 1393 3008; x_wconf 80' lang='lat' dir='ltr'>indagantibus</span> <span class='ocrx_word' id='word_1_161' title='bbox 1429 2915 1609 2985; x_wconf 87' lang='lat' dir='ltr'>ueritatem</span> 
     </span>
     <span class='ocr_line' id='line_1_22' title="bbox 218 3009 1608 3110; baseline 0 -26"><span class='ocrx_word' id='word_1_162' title='bbox 218 3009 519 3108; x_wconf 82' lang='lat' dir='ltr'>hlarquardus</span> <span class='ocrx_word' id='word_1_163' title='bbox 577 3011 627 3085; x_wconf 89' lang='lat' dir='ltr'>ul</span> <span class='ocrx_word' id='word_1_164' title='bbox 677 3010 757 3086; x_wconf 87' lang='lat' dir='ltr'>der</span> <span class='ocrx_word' id='word_1_165' title='bbox 810 3012 1009 3110; x_wconf 81' lang='lat' dir='ltr'>louhen,</span> <span class='ocrx_word' id='word_1_166' title='bbox 1071 3011 1206 3088; x_wconf 84' lang='lat' dir='ltr'>Ottho</span> <span class='ocrx_word' id='word_1_167' title='bbox 1263 3016 1298 3084; x_wconf 88' lang='lat' dir='ltr'>in</span> <span class='ocrx_word' id='word_1_168' title='bbox 1351 3009 1608 3106; x_wconf 76' lang='lat' dir='ltr'>steinbach,</span> 
     </span>
     <span class='ocr_line' id='line_1_23' title="bbox 217 3110 1606 3209; baseline 0.003 -25"><span class='ocrx_word' id='word_1_169' title='bbox 217 3110 493 3207; x_wconf 72' lang='lat' dir='ltr'>liudegerus</span> <span class='ocrx_word' id='word_1_170' title='bbox 518 3111 632 3209; x_wconf 87' lang='lat' dir='ltr'>apud</span> <span class='ocrx_word' id='word_1_171' title='bbox 658 3111 928 3204; x_wconf 80' lang='lat' dir='ltr'>monachus,</span> <span class='ocrx_word' id='word_1_172' title='bbox 955 3113 1168 3209; x_wconf 85' lang='lat' dir='ltr'>Rugerus</span> <span class='ocrx_word' id='word_1_173' title='bbox 1194 3123 1230 3187; x_wconf 90' lang='lat' dir='ltr'>et</span> <span class='ocrx_word' id='word_1_174' title='bbox 1252 3113 1360 3186; x_wconf 76' lang='lat' dir='ltr'>buter</span> <span class='ocrx_word' id='word_1_175' title='bbox 1382 3135 1465 3188; x_wconf 92' lang='lat' dir='ltr'>suus</span> <span class='ocrx_word' id='word_1_176' title='bbox 1491 3111 1606 3188; x_wconf 84' lang='lat' dir='ltr'>Gun-</span> 
     </span>
     <span class='ocr_line' id='line_1_24' title="bbox 217 3211 1606 3308; baseline 0.001 -25"><span class='ocrx_word' id='word_1_177' title='bbox 217 3211 357 3292; x_wconf 89' lang='lat' dir='ltr'>radus</span> <span class='ocrx_word' id='word_1_178' title='bbox 404 3212 628 3308; x_wconf 80' lang='lat' dir='ltr'>liegelsr,</span> <span class='ocrx_word' id='word_1_179' title='bbox 665 3213 919 3306; x_wconf 79' lang='lat' dir='ltr'>lleinrieus</span> <span class='ocrx_word' id='word_1_180' title='bbox 956 3217 1002 3291; x_wconf 86' lang='lat' dir='ltr'>iu</span> <span class='ocrx_word' id='word_1_181' title='bbox 1041 3216 1173 3308; x_wconf 81' lang='lat' dir='ltr'>vieo,</span> <span class='ocrx_word' id='word_1_182' title='bbox 1209 3213 1454 3290; x_wconf 87' lang='lat' dir='ltr'>lleiurious</span> <span class='ocrx_word' id='word_1_183' title='bbox 1492 3213 1606 3291; x_wconf 84' lang='lat' dir='ltr'>hiul-</span> 
     </span>
     <span class='ocr_line' id='line_1_25' title="bbox 217 3308 1604 3412; baseline 0.001 -29"><span class='ocrx_word' id='word_1_184' title='bbox 217 3311 380 3405; x_wconf 81' lang='lat' dir='ltr'>hasen,</span> <span class='ocrx_word' id='word_1_185' title='bbox 420 3308 662 3412; x_wconf 74' lang='lat' dir='ltr'>Corradus</span> <span class='ocrx_word' id='word_1_186' title='bbox 703 3313 904 3408; x_wconf 74' lang='lat' dir='ltr'>liutger,</span> <span class='ocrx_word' id='word_1_187' title='bbox 943 3311 1208 3392; x_wconf 88' lang='lat' dir='ltr'>llerhordus</span> <span class='ocrx_word' id='word_1_188' title='bbox 1248 3316 1284 3388; x_wconf 88' lang='lat' dir='ltr'>iu</span> <span class='ocrx_word' id='word_1_189' title='bbox 1323 3313 1376 3388; x_wconf 81' lang='lat' dir='ltr'>Ri</span> <span class='ocrx_word' id='word_1_190' title='bbox 1414 3337 1457 3411; x_wconf 71' lang='lat' dir='ltr'>g,</span> <span class='ocrx_word' id='word_1_191' title='bbox 1492 3311 1604 3388; x_wconf 84' lang='lat' dir='ltr'>Ber-</span> 
     </span>
     <span class='ocr_line' id='line_1_26' title="bbox 216 3336 1604 3510; baseline 0.004 -26"><span class='ocrx_word' id='word_1_192' title='bbox 216 3408 407 3488; x_wconf 84' lang='lat' dir='ltr'>thuldus</span> <span class='ocrx_word' id='word_1_193' title='bbox 434 3437 485 3486; x_wconf 89' lang='lat' dir='ltr'>au</span> <span class='ocrx_word' id='word_1_194' title='bbox 523 3411 619 3486; x_wconf 91' lang='lat' dir='ltr'>dam</span> <span class='ocrx_word' id='word_1_195' title='bbox 643 3410 807 3510; x_wconf 87' lang='lat' dir='ltr'>berge,</span> <span class='ocrx_word' id='word_1_196' title='bbox 848 3413 1002 3490; x_wconf 74' lang='lat' dir='ltr'>(ionae</span> <span class='ocrx_word' id='word_1_197' title='bbox 1029 3412 1340 3509; x_wconf 79' lang='lat' dir='ltr'>Sohegebeiu‚</span> <span class='ocrx_word' id='word_1_198' title='bbox 1376 3336 1604 3510; x_wconf 74' lang='lat' dir='ltr'>hupertus</span> 
     </span>
     <span class='ocr_line' id='line_1_27' title="bbox 217 3507 1605 3612; baseline 0.002 -27"><span class='ocrx_word' id='word_1_199' title='bbox 217 3523 252 3586; x_wconf 87' lang='lat' dir='ltr'>et</span> <span class='ocrx_word' id='word_1_200' title='bbox 277 3507 548 3588; x_wconf 85' lang='lat' dir='ltr'>Harbordus</span> <span class='ocrx_word' id='word_1_201' title='bbox 586 3511 877 3610; x_wconf 87' lang='lat' dir='ltr'>Sebugeboin</span> <span class='ocrx_word' id='word_1_202' title='bbox 914 3517 1078 3611; x_wconf 79' lang='lat' dir='ltr'>pociores</span> <span class='ocrx_word' id='word_1_203' title='bbox 1112 3514 1246 3612; x_wconf 85' lang='lat' dir='ltr'>prelato</span> <span class='ocrx_word' id='word_1_204' title='bbox 1282 3513 1369 3589; x_wconf 85' lang='lat' dir='ltr'>ville</span> <span class='ocrx_word' id='word_1_205' title='bbox 1395 3513 1459 3589; x_wconf 91' lang='lat' dir='ltr'>sub</span> <span class='ocrx_word' id='word_1_206' title='bbox 1484 3535 1605 3588; x_wconf 77' lang='lat' dir='ltr'>eonem</span> 
     </span>
     <span class='ocr_line' id='line_1_28' title="bbox 217 3611 1603 3711; baseline -0.001 -21"><span class='ocrx_word' id='word_1_207' title='bbox 217 3617 415 3693; x_wconf 71' lang='lat' dir='ltr'>iumentis</span> <span class='ocrx_word' id='word_1_208' title='bbox 439 3611 542 3690; x_wconf 86' lang='lat' dir='ltr'>nubis</span> <span class='ocrx_word' id='word_1_209' title='bbox 566 3617 720 3711; x_wconf 82' lang='lat' dir='ltr'>prestitis</span> <span class='ocrx_word' id='word_1_210' title='bbox 753 3613 903 3688; x_wconf 69' lang='lat' dir='ltr'>liu-mima.</span> <span class='ocrx_word' id='word_1_211' title='bbox 921 3613 1162 3707; x_wconf 77' lang='lat' dir='ltr'>firmauerunt,</span> <span class='ocrx_word' id='word_1_212' title='bbox 1200 3637 1242 3690; x_wconf 87' lang='lat' dir='ltr'>se</span> <span class='ocrx_word' id='word_1_213' title='bbox 1264 3635 1445 3710; x_wconf 75' lang='lat' dir='ltr'>namqu</span> <span class='ocrx_word' id='word_1_214' title='bbox 1480 3613 1524 3690; x_wconf 84' lang='lat' dir='ltr'>ub</span> <span class='ocrx_word' id='word_1_215' title='bbox 1558 3637 1603 3688; x_wconf 88' lang='lat' dir='ltr'>uo</span> 
     </span>
     <span class='ocr_line' id='line_1_29' title="bbox 216 3713 1601 3812; baseline 0 -24"><span class='ocrx_word' id='word_1_216' title='bbox 216 3725 386 3811; x_wconf 78' lang='lat' dir='ltr'>tempora,</span> <span class='ocrx_word' id='word_1_217' title='bbox 410 3729 478 3812; x_wconf 75' lang='lat' dir='ltr'>quo</span> <span class='ocrx_word' id='word_1_218' title='bbox 503 3737 572 3788; x_wconf 88' lang='lat' dir='ltr'>neu</span> <span class='ocrx_word' id='word_1_219' title='bbox 591 3723 756 3789; x_wconf 80' lang='lat' dir='ltr'>exstaret</span> <span class='ocrx_word' id='word_1_220' title='bbox 778 3717 959 3806; x_wconf 84' lang='lat' dir='ltr'>memoria,</span> <span class='ocrx_word' id='word_1_221' title='bbox 986 3713 1172 3806; x_wconf 78' lang='lat' dir='ltr'>audiuisse,</span> <span class='ocrx_word' id='word_1_222' title='bbox 1197 3713 1288 3811; x_wconf 88' lang='lat' dir='ltr'>quud</span> <span class='ocrx_word' id='word_1_223' title='bbox 1312 3738 1333 3788; x_wconf 87' lang='lat' dir='ltr'>a</span> <span class='ocrx_word' id='word_1_224' title='bbox 1357 3718 1486 3790; x_wconf 85' lang='lat' dir='ltr'>uostris</span> <span class='ocrx_word' id='word_1_225' title='bbox 1512 3737 1601 3812; x_wconf 83' lang='lat' dir='ltr'>pre·-</span> 
     </span>
    </p>
   </div>
   <div class='ocr_carea' id='block_1_5' title="bbox 107 3813 1741 4009">
    <p class='ocr_par' dir='ltr' id='par_1_7' title="bbox 107 3813 1741 4009">
     <span class='ocr_line' id='line_1_30' title="bbox 217 3813 1741 3913; baseline 0.003 -23"><span class='ocrx_word' id='word_1_226' title='bbox 217 3813 418 3892; x_wconf 79' lang='lat' dir='ltr'>aessuaibus</span> <span class='ocrx_word' id='word_1_227' title='bbox 443 3817 702 3912; x_wconf 75' lang='lat' dir='ltr'>processissent</span> <span class='ocrx_word' id='word_1_228' title='bbox 726 3813 785 3886; x_wconf 85' lang='lat' dir='ltr'>uel</span> <span class='ocrx_word' id='word_1_229' title='bbox 809 3837 833 3887; x_wconf 86' lang='lat' dir='ltr'>u</span> <span class='ocrx_word' id='word_1_230' title='bbox 854 3813 958 3891; x_wconf 84' lang='lat' dir='ltr'>nobis</span> <span class='ocrx_word' id='word_1_231' title='bbox 980 3814 1210 3913; x_wconf 78' lang='lat' dir='ltr'>precederent</span> <span class='ocrx_word' id='word_1_232' title='bbox 1235 3826 1292 3890; x_wconf 82' lang='lat' dir='ltr'>sut</span> <span class='ocrx_word' id='word_1_233' title='bbox 1316 3815 1517 3912; x_wconf 81' lang='lat' dir='ltr'>proaedere.</span> <span class='ocrx_word' id='word_1_234' title='bbox 1534 3815 1602 3890; x_wconf 66' lang='lat' dir='ltr'>de«</span> <span class='ocrx_word' id='word_1_235' title='bbox 1733 3879 1741 3894; x_wconf 87' lang='lat'>.</span> 
     </span>
     <span class='ocr_line' id='line_1_31' title="bbox 107 3913 1599 4009; baseline -0.001 -20"><span class='ocrx_word' id='word_1_236' title='bbox 107 3963 109 3968; x_wconf 90' lang='lat'>-</span> <span class='ocrx_word' id='word_1_237' title='bbox 216 3913 338 3990; x_wconf 81' lang='lat' dir='ltr'>barem</span> <span class='ocrx_word' id='word_1_238' title='bbox 370 3919 445 3988; x_wconf 88' lang='lat' dir='ltr'>iure</span> <span class='ocrx_word' id='word_1_239' title='bbox 479 3915 572 3989; x_wconf 88' lang='lat' dir='ltr'>leodi</span> <span class='ocrx_word' id='word_1_240' title='bbox 598 3919 718 4008; x_wconf 86' lang='lat' dir='ltr'>iugera</span> <span class='ocrx_word' id='word_1_241' title='bbox 744 3927 954 4006; x_wconf 77' lang='lat' dir='ltr'>memoratu3</span> <span class='ocrx_word' id='word_1_242' title='bbox 991 3921 1084 3990; x_wconf 89' lang='lat' dir='ltr'>inmo</span> <span class='ocrx_word' id='word_1_243' title='bbox 1120 3919 1156 3990; x_wconf 87' lang='lat' dir='ltr'>iu</span> <span class='ocrx_word' id='word_1_244' title='bbox 1189 3919 1285 3990; x_wconf 81' lang='lat' dir='ltr'>serie</span> <span class='ocrx_word' id='word_1_245' title='bbox 1307 3915 1473 3990; x_wconf 81' lang='lat' dir='ltr'>diatonum</span> <span class='ocrx_word' id='word_1_246' title='bbox 1497 3918 1599 4009; x_wconf 80' lang='lat' dir='ltr'>jura·-</span> 
     </span>
    </p>
   </div>
   <div class='ocr_carea' id='block_1_6' title="bbox 216 4014 1599 4290">
    <p class='ocr_par' dir='ltr' id='par_1_8' title="bbox 216 4014 1599 4290">
     <span class='ocr_line' id='line_1_32' title="bbox 216 4014 1598 4114; baseline 0.002 -24"><span class='ocrx_word' id='word_1_247' title='bbox 216 4027 409 4092; x_wconf 77' lang='lat' dir='ltr'>nautarum</span> <span class='ocrx_word' id='word_1_248' title='bbox 435 4015 575 4112; x_wconf 85' lang='lat' dir='ltr'>quilibet</span> <span class='ocrx_word' id='word_1_249' title='bbox 601 4031 721 4090; x_wconf 81' lang='lat' dir='ltr'>eorum</span> <span class='ocrx_word' id='word_1_250' title='bbox 747 4015 924 4110; x_wconf 86' lang='lat' dir='ltr'>sigillatim</span> <span class='ocrx_word' id='word_1_251' title='bbox 942 4017 1266 4114; x_wconf 80' lang='lat' dir='ltr'>utsiuguluritura</span> <span class='ocrx_word' id='word_1_252' title='bbox 1291 4014 1453 4114; x_wconf 80' lang='lat' dir='ltr'>predialis</span> <span class='ocrx_word' id='word_1_253' title='bbox 1478 4016 1598 4108; x_wconf 76' lang='lat' dir='ltr'>unm,</span> 
     </span>
     <span class='ocr_line' id='line_1_33' title="bbox 216 4115 1599 4290; baseline 0.004 -100"><span class='ocrx_word' id='word_1_254' title='bbox 216 4115 362 4195; x_wconf 81' lang='lat' dir='ltr'>anubis</span> <span class='ocrx_word' id='word_1_255' title='bbox 388 4119 527 4210; x_wconf 66' lang='lat' dir='ltr'>missis,</span> <span class='ocrx_word' id='word_1_256' title='bbox 567 4135 645 4192; x_wconf 83' lang='lat' dir='ltr'>uum</span> <span class='ocrx_word' id='word_1_257' title='bbox 680 4115 867 4212; x_wconf 70' lang='lat' dir='ltr'>dffiguaehu</span> <span class='ocrx_word' id='word_1_258' title='bbox 886 4121 1084 4216; x_wconf 76' lang='lat' dir='ltr'>&#39;requisitus</span> <span class='ocrx_word' id='word_1_259' title='bbox 1118 4115 1327 4290; x_wconf 58' lang='lat' dir='ltr'>depppupus</span> <span class='ocrx_word' id='word_1_260' title='bbox 1359 4116 1453 4214; x_wconf 77' lang='lat' dir='ltr'>quod</span> <span class='ocrx_word' id='word_1_261' title='bbox 1477 4137 1599 4214; x_wconf 65' lang='lat' dir='ltr'>aquus</span> 
     </span>
    </p>
   </div>
   <div class='ocr_carea' id='block_1_7' title="bbox 0 0 1924 4728">
    <p class='ocr_par' dir='ltr' id='par_1_9' title="bbox 0 0 1924 4728">
     <span class='ocr_line' id='line_1_34' title="bbox 0 0 1924 4728; baseline 0 3"><span class='ocrx_word' id='word_1_262' title='bbox 0 0 1924 4728; x_wconf 95' lang='lat' dir='ltr'> </span> 
     </span>
    </p>
   </div>
  </div>
 </body>
</html>
