3776 4730
592 529 812 637 episcopatus
837 519 1134 634 wirziburgensis.
1490 531 1559 622 iii

177 721 383 834 linguntiam
411 737 489 830 sita,
516 741 643 812 curiam
669 737 855 832 uidelicet,
888 763 1016 836 agros,
1041 745 1185 833 vineas,
1219 739 1396 836 decimas,
1421 767 1560 841 census,

176 841 230 930 jns
257 851 456 936 patronatus
484 839 548 912 sibi
574 863 757 932 annexum,
784 865 859 913 cunr
887 841 1043 916 omnibus
1055 841 1188 936 juribus
1216 853 1250 915 et
1270 847 1461 920 attinenciis
1487 845 1563 924 'suis

177 939 431 1016 vendiderimus
458 964 519 1038 pro
547 939 701 1014 ducentis
728 943 852 1016 marcis
881 943 1132 1017 coloniensium
1159 942 1374 1016 denariorum
1398 945 1564 1042 legalium

177 1037 419 1114 Walthero
446 1041 576 1114 decano
604 1041 756 1116 ecclesie
784 1045 892 1114 sancti
908 1041 1072 1140 Stephani
1095 1047 1380 1138 maguntinensis,
1406 1057 1441 1119 et
1454 1050 1564 1146 ipsam

175 1144 353 1235 pecuniam
379 1153 589 1216 numeratam
627 1145 863 1240 receperimus
900 1142 942 1216 ab
981 1141 1104 1216 eodem
1141 1154 1178 1218 et
1212 1147 1248 1217 in
1287 1167 1371 1219 usus
1410 1148 1564 1224 ecclesie

175 1251 296 1314 nostre
322 1247 543 1318 necessarios
570 1245 857 1334 conuerterimus,
882 1266 960 1332 nos,
989 1246 1067 1340 quia
1091 1247 1165 1341 ipsa
1192 1243 1282 1318 bona
1295 1243 1477 1340 resignare
1493 1273 1562 1324 non

175 1363 358 1438 possumus
384 1367 446 1440 per
459 1347 607 1440 omnium
622 1352 778 1418 nostrum
789 1347 999 1438 presentiam
1014 1343 1246 1442 personalem,
1274 1344 1563 1444 Gerbardum,

176 1445 376 1538 canonicum
386 1447 468 1518 noui
481 1445 695 1534 monasterii,
721 1445 979 1522 transmittimus
993 1455 1027 1518 et
1040 1455 1300 1542 procuratorem
1314 1449 1563 1542 constituimus,

175 1565 217 1616 ac
241 1541 358 1618 damus
385 1544 572 1642 plenariam
597 1551 803 1640 potestatem
840 1543 951 1616 eidem
990 1543 1053 1620 sub
1093 1545 1210 1642 sigillo
1249 1557 1371 1622 nostre
1409 1549 1562 1626 ecclesie

174 1641 299 1720 litteris
325 1643 391 1718 biis
417 1668 592 1742 appenso,
629 1653 668 1716 vt
692 1646 767 1739 ipsa
791 1639 882 1718 bona
910 1648 944 1717 in
969 1645 1054 1718 villa
1079 1643 1364 1742 ingelnheim
1390 1671 1508 1722 coram
1525 1705 1561 1724 ..
1663 1690 1668 1700 ·

175 1743 324 1818 sculteto
351 1753 437 1818 et..
465 1743 615 1820 scabinis
637 1747 737 1838 jrmta
752 1745 1036 1820 consuetudinem
1054 1745 1140 1822 ville
1165 1745 1309 1838 etalias,
1337 1747 1397 1822 vbi
1411 1772 1562 1826 necesse

174 1843 288 1938 luerit,
313 1848 469 1941 resignet
493 1851 631 1920 nomine
656 1854 777 1918 nostro
813 1855 848 1918 et
873 1846 1058 1922 transierat
1093 1850 1128 1920 in
1154 1845 1456 1942 Waltberum,
1494 1851 1561 1926 de-

176 1967 297 2020 cenum
321 1945 521 2042 predictum,
548 1971 623 2025 cum
650 1947 742 2019 omui
767 1944 978 2042 plenitudine
999 1948 1088 2040 juris
1120 1949 1199 2040 sui,
1233 1958 1343 2022 ratum
1369 1959 1404 2022 et
1429 1962 1565 2046 gratum

175 2044 355 2138 babentes,
381 2047 537 2144 quicquid
562 2047 652 2122 idem
675 2043 932 2120 Gerbardus
957 2057 1161 2144 procurator
1193 2058 1314 2122 noster
1339 2049 1373 2122 in
1422 2049 1561 2128 redistis

174 2144 275 2220 bouis
303 2145 438 2220 duruerit
463 2148 665 2222 laciendum.
716 2145 839 2218 Datum
868 2169 956 2220 anno
984 2145 1111 2220 domini
1135 2145 1356 2240 dcccxx,
1385 2074 1463 2224 lv.
1490 2151 1559 2226 lra-

174 2245 294 2320 lendas
320 2247 400 2320 tutti
426 2247 589 2322 videlicet
614 2253 648 2322 in
675 2245 823 2342 capitulo
849 2258 969 2320 nostre
996 2248 1161 2340 ecclesie,
1187 2249 1406 2344 presentibus
1428 2255 1558 2328 uostris

175 2345 428 2440 confratribus,
462 2347 645 2423 videlicet:
681 2341 840 2418 Conrado
875 2345 918 2420 de
945 2347 1102 2422 Telhcim
1128 2341 1314 2440 cantore,'
1330 2347 1478 2425 Albcrto
1516 2352 1560 2428 de

173 2446 358 2543 bodebdrg
396 2448 662 2542 archidiacono,
709 2445 905 2518 Hermanno
953 2447 996 2520 de
1038 2445 1269 2542 Sterrcnberg
1306 2447 1561 2546 archidiacono,

173 2547 369 2622 Hermanno
397 2547 440 2622 de
467 2548 647 2646 Wilperg,
673 2543 849 2622 Friderioo
877 2545 919 2618 de
944 2545 1155 2642 lloheuburg
1180 2551 1398 2644 pomeranie,
1422 2551 1559 2626 Wem-

173 2645 259 2724 bero
287 2647 330 2722 de
357 2647 599 2747 lauremberg,
624 2643 774 2723 lludollo
801 2645 844 2718 de
868 2645 1053 2722 Vssenlran
1080 2657 1115 2722 et
1140 2647 1218 2750 aliis
1245 2671 1343 2746 quam
1368 2647 1533 2748 pluribus.

383 2847 431 2912 lix
464 2855 669 2928 transsumto,
705 2845 786 2930 quod
818 2843 939 2932 judiees
971 2855 1094 2912 sanctae
1128 2851 1325 2933 moguntinae
1361 2849 1445 2920 sedis
1481 2871 1559 2918 armo

384 2933 615 3016 mcccxxvii,
635 2933 723 2999 xvtt
746 2933 891 3002 kalendas
913 2933 1070 3000 debuerit
1093 2933 1237 3000 lacerant.

748 3385 986 3474 ccccxxxi

665 3594 756 3662 Anno
780 3593 884 3679 12⁷1,
908 3593 959 3662 te.
981 3595 1062 3665 tutta

173 3777 350 3860 Arbitrio
376 3771 523 3880 capitulo
550 3785 725 3856 constituti
751 3805 854 3880 super
877 3783 1035 3857 undecim
1060 3777 1264 3881 praebendis
1289 3783 1491 3864 vacantibus
1517 3781 1553 3866 el

222 3897 354 3983 septem
379 3887 573 3973 vacaturis,
598 3904 759 3956 necnon
785 3884 828 3957 de
854 3882 1082 3961 oblationibus
1107 3885 1308 3963 vacantibus
1333 3888 1501 3963 decidunt.

273 4057 312 4132 ln
335 4059 473 4132 nomine
498 4053 623 4127 domini
650 4077 759 4130 amen.
808 4049 882 4132 Nos
909 4054 954 4154 (ἶ.Ι
971 4065 1103 4148 cautor,
1127 4056 1172 4130 ll.
1200 4057 1243 4131 de
1267 4057 1549 4158 Nuwenburo

172 4162 368 4259 prepositus
392 4161 427 4230 in
452 4153 622 4249 Houge,
648 4154 687 4227 0.
713 4165 847 4254 custos,
873 4157 911 4233 S.
938 4155 981 4235 dc
1007 4157 1226 4252 Slitbese,
1250 4159 1288 4236 F.
1316 4161 1547 4243 daHoben-

200 4303 319 4352 lenttc.
332 4304 375 4348 tat.
389 4299 475 4348 mnu.
488 4307 536 4344 aar.
549 4295 633 4344 cotti.
1169 4256 1219 4333 56
